=LDR  00366    a2200109   4500
=001  7101
=100  \\$aEbert, H.$910658
=245  \\$aKriegsverluste der Dresdener Gemä
=260  \\$c1963
=942  \\$cBOO
=952  \\$00$10$2ddc$40$6VIS_EBER$70$8VIS$97100$aORPH$bORPH$cKTS1_H$d2020-07-08$eKoopman$i21G45$l0$oVIS EBER$p20125570$r2021-01-12 00:00:00$w2021-01-12$yBOO$OKoopman
=999  \\$c7101$d7101

