=LDR  00870    a2200217   4500
=001  7103
=008  230315s2006\\\\nl\gf|||\||||\00|\0\dut\d
=041  \\$adut
=245  \\$aAdema 150 jaar orgelbouw
=260  \\$c2006$aHillegom$bAdema's kerkorgelbouw BV
=300  \\$a108 pages
=650  \0$aOrgan$1http://www.wikidata.org/entity/Q1444$92810
=650  \0$aOrganology$1http://www.wikidata.org/entity/Q899293$921400
=651  \0$aNetherlands$1http://www.wikidata.org/entity/Q55$9173
=700  1\$4win$aWitteman, Paul$925858
=700  \\$4ctb$925859$aBaekel, Ronald van
=700  1\$4ctb$aLooyenga, Arjen J.$925860
=700  \\$4edt$910660$aEck, A. A. M. J. van
=942  \\$cBOO
=952  \\$00$10$2ddc$40$6INS_3_000000000000000_1B_ADEM$70$8INS$97102$aORPH$bORPH$cKTS0$d2020-07-08$eKoopman$i24G68$l0$oINS3.1b ADEM$p20129287$r2021-01-12 00:00:00$w2021-01-12$yBOO$OKoopman
=999  \\$d7103

