=LDR  01025aam a2200217   4500
=001  7104
=008  221104s2007\\\\nl\f||||\||||\00|\0\\\\\d
=041  \\$adut
=100  \\$aEck, Ton van$4aut$920795
=245  \\$aDrie orgels voor de Rooms-katholieke kerken in de stad Groningen rond 1900
=260  \\$aGroningen$bStichting tot Behoud van het Nederlandse Orgel$c2007
=300  \\$a47 pages
=648  \0$aPast$1http://www.wikidata.org/entity/Q192630$922196
=650  \0$aOrgan$1http://www.wikidata.org/entity/Q1444$92810
=650  \0$aOrganology$1http://www.wikidata.org/entity/Q899293$921400
=650  \0$aChurch$1http://www.wikidata.org/entity/Q16970$93776
=650  \0$aCatholicism$1http://www.wikidata.org/entity/Q1841$921631
=651  \0$aGroningen (Netherlands)$1http://www.wikidata.org/entity/Q749$922634
=942  \\$cBOO
=952  \\$00$10$2ddc$40$6INS_3_000000000000000_1A_NL_GRO$70$8INS$97103$aORPH$bORPH$cKTS0$d2020-07-08$eKoopman$i29D04$l0$oINS3.1a NL.GRO$p20121360$r2021-01-12 00:00:00$w2021-01-12$yBOO$OKoopman
=999  \\$d7104

