=LDR  00991cam a22002411  4500
=001  7108
=003  OSt
=005  20211001102233.0
=008  760601s1935\\\\gw\\\\\\\b\\\\000\0bger\\
=040  \\$aOI
=100  1\$aEdelhoff, Heinrich$4aut
=245  00$aJohann Nikolaus Forkel:$bein Beitrag zur Geschichte der Musikwissenschaft.
=260  \\$aGöttingen$bVandenhoeck & Ruprecht$c1935.
=300  \\$a135 pages$c25 cm
=490  1\$aVorarbeiten zur Geschichte der Göttinger Universität und Bibliothek, 15. Heft
=504  \\$a"Anmerkungen" (bibliographical): p. 117-135.
=600  10$aForkel, Johann Nikolaus,$d1749-1818.
=650  \0$aMusicology
=830  \0$aVorarbeiten zur Geschichte der Göttinger Universität und Bibliothek ;$vHft. 15.
=906  \\$a7$bcbc$coclcrpl$du$encip$f19$gy-gencatlg
=942  \\$2ddc$cBOO
=952  \\$00$10$2ddc$40$6BIO_FORK_D$70$8BIO$97107$aORPH$bORPH$cKTS1_P$d2020-07-08$eKoopman$i28D9$l0$oBIO FORK d$p20123600$r2021-01-12 00:00:00$w2021-01-12$yBOO
=999  \\$c7108$d7108

