=LDR  01337cam a2200289 a 4500
=001  7109
=005  20250925143257.0
=008  821019s1982\\\\gw\g\\\\\b\\\\001\0cger\\
=020  \\$a3761806361
=041  \\$ager
=100  \\$aEdler, Arnfried$4aut$910666
=245  14$aDer nordelbische Organist$bStudien zu Sozialstatus, Funktion und kompositorischer Produktion eines Musikerberufes von der Reformation bis zum 20. Jahrhundert
=260  \\$aKassel $bBärenreiter$c1982
=300  \\$axi-447 pages$bmusic $c25 cm
=336  \\$aprinted
=490  \\$aKieler Schriften zur Musikwissenschaft 
=504  \\$aBibliography: p. 367-387.
=648  \0$aPast$1http://www.wikidata.org/entity/Q192630$922196
=648  \0$a20th Century (1901-2000)$1http://www.wikidata.org/entity/Q6927$920936
=650  \0$aOrganist$1http://www.wikidata.org/entity/Q765778$94471
=650  \0$aOrgan music$1http://www.wikidata.org/entity/Q2003283$91951
=650  \0$aOrganology$1http://www.wikidata.org/entity/Q899293$921400
=650  \0$aMusic history$1http://www.wikidata.org/entity/Q846047$921373
=651  \0$aGermany$1http://www.wikidata.org/entity/Q183$9155
=942  \\$cBOO
=952  \\$00$10$2ddc$40$6INS_3_100000000000000_A_DE$70$8INS$97108$aORPH$bORPH$cKTS0$d2020-07-08$eKoopman$i19C49$oINS 3.1 a DE$p20127875$r2021-01-12 00:00:00$w2021-01-12$yBOO
=999  \\$d7109

