=LDR  02932cam a2200337 a 4500
=001  7110
=005  20250120120013.0
=008  970211s1996\\\\gw\a\\\\\b\\\\101\0\ger\d
=010  \\$a   97114733 
=020  \\$a3890072313
=035  \\$a(CtY)notisFKT3786
=035  \\$a(CStRLIN)CTYAFKT3786-B
=040  \\$aCtY-Mus$cCtY-Mus$dDLC
=041  \\$ager
=245  00$aJohann Joseph Fux und seine Zeit:$bKultur, Kunst und Musik im Spätbarock
=260  \\$aLaaber$bLaaber-Verlag$c1996
=300  \\$a240 p. :$bill., music ;$c25 cm.
=490  \\$aPublikationen der Hochschule für Musik und Theater Hannover$v7
=504  \\$aIncludes bibliographical references and indexes.
=505  0\$gJohann Joseph Fux und die Hofkapelle Karls VI. in ihrer Bedeutung für die europäische Musikhistoriographie / Friedrich W. Riedel -- Die historische Folie einer Biographie : Habsburg, das Reich und Europa 1660-1740 / Heinz Duchhardt -- Die inhaltliche Konzeption der Werke des Kaiserstils unter Karl VI. / Franz Matsche -- Die Kaiserinnen aus dem Welfenhaus und ihr Einfluss auf das geistig-kulturelle Leben in Wien / Gerda Mraz -- Die biographische Fux-Forschung 1991 : Fragen, Ergebnisse, Möglichkeiten / Rudolf Flotzinger -- Johann Joseph Fux' "Gradus ad Parnassum" und das Verhältnis von Natur und Geschichte : Wissenschaft und Kunst im Musikdenken des 18. Jahrhunderts / Renate Groth -- Johann Christoph Mizlers Kommentare zu den beiden Büchern des "Gradus ad Parnassum" von Johann Joseph Fux / Hellmut Federhofer -- Nachahmung und Originalität : Zelenkas Studien bei Johann Joseph Fux und die Bedeutung der "Imitatio" / Wolfgang Horn -- Mythologische Figuren im Spiegel des Opernschaffens von Johann Joseph Fux / Erika Kanduth -- Bühnenarchitektur und Bühnendekoration in Opernaufführungen zur Zeit von Johann Joseph Fux : Anmerkungen zu den Szenenbildern der Opern Angelica vincitrice di Alcina und Costanza e Fortezza / Ulrike Dembski-Riss -- Die Musik zu den Mysterien-Andachten in der Wiener Augustinerkirche / Gabriela Krombach -- Johann Joseph Fux und die kirchenmusikalische Praxis seiner Zeit in Mähren / Jiří Sehnal
=600  \0$aFux, Johann Joseph$d1660-1741$1http://www.wikidata.org/entity/Q311378$910900
=648  \0$a17th Century (1601-1700)$1http://www.wikidata.org/entity/Q7016$920923
=648  \0$a17th Century (1601-1700)$1http://www.wikidata.org/entity/Q7016$920923
=650  \0$aMusic history$1http://www.wikidata.org/entity/Q846047$921373
=650  \0$aStaging$1http://www.wikidata.org/entity/Q3508687$922118
=651  \0$aAustria$1http://www.wikidata.org/entity/Q40$9202
=700  \\$aEdler, Arnfried$4edt$910666
=700  \\$aRiedel, Friedrich Wilhelm$d1929-2020$4edt$1http://www.wikidata.org/entity/Q85423107$910668
=942  \\$cBOO
=952  \\$00$10$2ddc$40$6BIO_FUX_E$70$8BIO$97109$aORPH$bORPH$cKTS1_P$d2020-07-08$eKoopman$i38A05$l0$oBIO FUX e$p20122445$r2021-01-12 00:00:00$w2021-01-12$yBOO
=999  \\$d7110

