=LDR  01249    a2200265   4500
=001  7111
=008  230329s2009\\\\nl\af|||\||||\00|\0\dut\d
=020  \\$a9783897574724
=041  \\$adut
=245  \\$aArp Schnitger en zijn werk. $bFotoboek met de bewaard gebleven orgels en orgelfronten van Arp Schnitger
=260  \\$c2009$aBremen$bHauschild
=300  \\$a240 pages
=600  \0$aSchnitger, Arp$d1648-1719$1http://www.wikidata.org/entity/Q60787$910906
=648  \0$a18th Century (1701-1800)$1http://www.wikidata.org/entity/Q7015$920899
=650  \0$aOrgan$1http://www.wikidata.org/entity/Q1444$92810
=650  \0$aOrganology$1http://www.wikidata.org/entity/Q899293$921400
=651  \0$aGermany$1http://www.wikidata.org/entity/Q183$9155
=700  \\$4ctb$aEdskes, Bernhardt H.$910669
=700  \\$4ctb$aGolon, Peter$d1947-2024$911199
=700  \\$4ctb$925962$aWalter, Joachim
=710  2\$4edt$925964$aArp Schnitger Gesellschaft (Hamburg, Germany)
=710  \\$4edt$923562$aStichting Groningen Orgelland (Groningen, Netherlands)
=942  \\$cBOO
=952  \\$00$10$2ddc$40$6INS_3_000000000000000_1B_SCHN$70$8INS$97110$aORPH$bORPH$cKTS0$d2020-07-08$eKoopman$i41E09$l0$oINS3.1b SCHN$p20122103$r2021-01-12 00:00:00$w2021-01-12$yBOO$OKoopman
=999  \\$d7111

