=LDR  01151    a2200241   4500
=001  7112
=008  230424s1968\\\\nl\f||||\||||\00|\0\dut\d
=041  \\$adut
=100  \\$aEdskes, Cornelius H.$4aut$910670
=245  \\$aDe nagelaten geschriften van de orgelmaker Arp Schnitger (1648-1719)
=260  \\$aGroningen$bBoeijenga$c1968
=300  \\$a80 pages
=490  \\$aBijdragen tot de geschiedenis van het orgelmaken
=600  \0$1http://www.wikidata.org/entity/Q60787$aSchnitger, Arp$d1648-1719$910906
=600  \0$95453$aMeijer, Siwert $d1817-1877
=648  \0$1http://www.wikidata.org/entity/Q7016$a17th Century (1601-1700)$920923
=648  \0$1http://www.wikidata.org/entity/Q7015$a18th Century (1701-1800)$920899
=650  \0$aOrgan$1http://www.wikidata.org/entity/Q1444$92810
=650  \0$aOrganology$1http://www.wikidata.org/entity/Q899293$921400
=651  \0$1http://www.wikidata.org/entity/Q749$aGroningen (Netherlands)$922634
=942  \\$cBOO
=952  \\$00$10$2ddc$40$6INS_3_000000000000000_1B_SCHN$70$8INS$97111$aORPH$bORPH$cKTS0$d2020-07-08$eKoopman$i23G24$l0$oINS3.1b SCHN$p20125757$r2021-01-12 00:00:00$w2021-01-12$yBOO$OKoopman
=999  \\$d7112

