=LDR  00944    a2200241   4500
=001  7114
=008  220506s2005\\\\dk\f||||\||||\00|\0\dan\d
=020  \\$a9788790043155
=041  \\$adan
=245  \\$aRoskilde Domkirkes Orgel
=260  \\$c2005$aRoskilde$bRoskilde Domkirkes Salgsfond
=300  \\$a159 pages
=336  \\$aprinted
=610  \0$aRoskilde domkirke (Roskilde, Denmark)$924089
=650  \0$aOrgan$1http://www.wikidata.org/entity/Q1444$92810
=650  \0$aOrganology$1http://www.wikidata.org/entity/Q899293$921400
=651  \0$aRoskilde (Denmark)$1http://www.wikidata.org/entity/Q510810$924090
=700  \\$4aut$aKruse, Anette$924087
=700  \\$4aut$aEdskes, Cornelius H.$910670
=700  \\$4aut$aOlesen, Kristian$924088
=942  \\$cBOO
=952  \\$00$10$2ddc$40$6INS_3_000000000000000_1E_DK_ROS$70$8INS$97113$aORPH$bORPH$cKTS0$d2020-07-08$eKoopman$i44D03$oINS3.1e DK.ROS$p20126636$r2021-01-12 00:00:00$w2021-01-12$yBOO
=999  \\$d7114

