=LDR  01069    a2200241   4500
=001  7116
=008  230424s1996\\\\sw\f||||\||||\00|\0\mul\d
=020  \\$a9185974374
=041  \\$ager$aeng
=100  \\$aEdskes, Cornelius H.$4ctb$910670
=245  \\$aPublication in Honor of Cornelius H. Edskes. Über die Stimmtonhöhe und Temperatur der Arp Schnitger-Orgel von St. Jacobi in Hamburg
=260  \\$c1996$aGöteborg$bGOArt, Department of Musicology
=300  \\$a46 pages
=600  \0$aEdskes, Cornelius H.$910670
=650  \0$aOrgan$1http://www.wikidata.org/entity/Q1444$92810
=650  \0$aOrganology$1http://www.wikidata.org/entity/Q899293$921400
=651  \0$1http://www.wikidata.org/entity/Q1055$aHamburg (Germany)$921940
=700  \\$4edt$aDavidsson, Hans$910392
=700  \\$4edt$925280$aPeeters, Paul
=700  \\$4trl$914154$aSpeerstra, Joel
=942  \\$cBOO
=952  \\$00$10$2ddc$40$6INS_3_000000000000000_1E_DE_HAM$70$8INS$97115$aORPH$bORPH$cKTS0$d2020-07-08$eKoopman$i47F15$l0$oINS3.1e DE.HAM$p20123795$r2021-01-12 00:00:00$w2021-01-12$yBOO$OKoopman
=999  \\$d7116

