=LDR  01212cam a2200277 a 4500
=001  7118
=005  20250120120045.0
=008  100901s2010\\\\enkag\\\\b\\\\001\0\eng\\
=020  \\$a9780954680978 (hbk.)
=020  \\$a0954680979 (hbk.)
=040  \\$aOI
=041  \\$aeng
=100  \\$aCunningham, John Patrick$4aut$923473
=245  14$aThe Consort Music of William Lawes, 1602-1645
=260  \\$aWoodbridge$aRochester, NY$bBoydell$c2010
=300  \\$axxiv-350 pages$billustrations, music$c24 cm
=490  1\$aMusic in Britain, 1600-1900
=504  \\$aIncludes bibliographical references and index.
=600  \0$aLawes, William$d1602-1645$xCriticism and interpretation.$1http://www.wikidata.org/entity/Q540025$912310
=648  \0$a17th Century (1601-1700)$1http://www.wikidata.org/entity/Q7016$920923
=650  \0$aChamber music$1http://www.wikidata.org/entity/Q189201$92105
=650  \0$aMusical analysis$1http://www.wikidata.org/entity/Q1544924$92775
=651  \0$aUnited Kingdom$1http://www.wikidata.org/entity/Q21$9273
=942  \\$cBOO
=952  \\$00$10$2ddc$40$6BIO_LAWE_E$70$8BIO$96723$aORPH$bORPH$cKTS1_P$d2020-07-08$eKoopman$i42B12$oBIO LAWE e$p20120082$r2021-01-12 00:00:00$w2021-01-12$yBOO
=999  \\$d7118

