=LDR  01364cam a2200277 a 4500
=001  7119
=005  20250120120905.0
=008  900731s1983\\\\ne\a\\\\\b\\\\001\0\dut\\
=020  \\$a0444855882 :$cfl 89.25
=040  \\$aOI
=041  \\$adut
=245  04$aHet Trippenhuis te Amsterdam
=260  \\$aAmsterdam$bKoninklijke Nederlandse Akademie van Wetenschappen$aAmsterdam$aNew York$bNoord-Hollandsche Uitg. Mij.$c1983
=300  \\$a423 pages$billustrations$c26 cm
=504  \\$aBibliography: p. 392-396.
=590  \\$aonder redactie van R. Meischke en H.E. Reeser ; met bijdragen van I.H. van Eeghen ... [et al.].
=600  \0$aVingboons, Justus$d1620-1698$1http://www.wikidata.org/entity/Q1989387$925662
=648  \0$a17th Century (1601-1700)$1http://www.wikidata.org/entity/Q7016$920923
=650  \0$aArchitecture$1http://www.wikidata.org/entity/Q12271$93185
=651  \0$aAmsterdam (Netherlands)$9189
=700  \\$aMeischke, R.$4edt$910671
=700  \\$aReeser, Eduard$d1908-2002$4edt$1http://www.wikidata.org/entity/Q3531572$913468
=700  \\$aEeghen, Isabella Henriette van$d1913-1996$4ctb$1http://www.wikidata.org/entity/Q4860816$910673
=942  \\$cBOO
=952  \\$00$10$2ddc$40$6TOP_NL_AMS_5_000000000000000$70$8TOP$97118$aORPH$bORPH$cKTS0$d2020-07-08$eKoopman$i28C03$l0$oTOP NL.AMS 5$p20121446$r2021-01-12 00:00:00$w2021-01-12$yBOO$OKoopman
=999  \\$d7119

