=LDR  00795    a2200193   4500
=001  7126
=008  220103s1965\\\\|||afh||\||||\00|\0\dut\d
=041  \\$adut
=100  \\$aEeghen, Isabella Henriette van$d1913-1996$4aut$1http://www.wikidata.org/entity/Q4860816$910673
=245  \\$aDe gilden:$btheorie en praktijk
=260  \\$aBussum$bvan Dishoeck$c1965
=300  \\$a152 pages
=490  \\$aFibulareeks$v5
=650  \0$aGuild$1http://www.wikidata.org/entity/Q170161$923332
=650  \0$aCuckoo$1http://www.wikidata.org/entity/Q18845$922474
=651  \0$aAmsterdam (Netherlands)$1http://www.wikidata.org/entity/Q727$9135
=942  \\$cBOO
=952  \\$00$10$2ddc$40$6HUM_EEGH$70$8HUM$97125$aORPH$bORPH$cKM12_1$d2020-07-08$eKoopman$i45D14$oHUM EEGH$p20127316$r2021-01-12 00:00:00$w2021-01-12$yBOO
=999  \\$d7126

