=LDR  00905    a2200181   4500
=001  7127
=008  220623r18151970nl\\||||\||||\00|\0\dut\d
=041  \\$adut
=245  \\$a  Aantekening van zommige Vernieuwde en Verbeterde Dispositiën in Kerkorgelen als news Dispositiën van enige Kerk-Kabinet en Bureau orgels en eindlijk Verscheide Schetsen tot zodanige Kerk en Kabinet Orgels van onderscheide grooten
=260  \\$c1970
=300  \\$a38 pages
=650  \0$aOrgan$1http://www.wikidata.org/entity/Q1444$92810
=650  \0$aOrganology$1http://www.wikidata.org/entity/Q899293$921400
=651  \0$aDordrecht (Netherlands)$1http://www.wikidata.org/entity/Q26421$921875
=700  \\$4aut$aEem, E. van$910675
=942  \\$cBOO
=952  \\$00$10$2ddc$40$6INS_3_000000000000000_1E_NL_DOR$70$8INS$97126$aORPH$bORPH$cKTS0$d2020-07-08$eKoopman$i24B09$oINS3.1e NL.DOR$p20128745$r2021-01-12 00:00:00$w2021-01-12$yBOO
=999  \\$d7127

