=LDR  00417    a2200109   4500
=001  7129
=100  \\$aEffen, Justus van$d1684-1735$1http://www.wikidata.org/entity/Q2574405$98518
=245  \\$a'K wou zo graag verstandig wezen
=260  \\$c1968
=942  \\$cBOO
=952  \\$00$10$2ddc$40$6LIT_EFFE_A$70$8LIT$97128$aORPH$bORPH$cKM12_2_H$d2020-07-08$eKoopman$i40H01$oLIT EFFE a$p20122220$r2021-01-12 00:00:00$w2021-01-12$yBOO
=999  \\$c7129$d7129

