=LDR  01270cam a22002895a 4500
=001  7130
=005  20250120120539.0
=008  110214s2011\\\\ne\\\\\\\\\\\\001\0\dut\\
=010  \\$a2012387542
=020  \\$a9789087041885$qpbk.
=040  \\$aOI
=041  \\$adut$alat
=100  \\$aEgeria$d4th century BC$4aut$1http://www.wikidata.org/entity/Q275899$923337
=245  10$aIn het land van de Bijbel:$breisverslag van Egeria, een dame uit de vierde eeuw
=260  \\$aHilversum$bVerloren$c2011
=300  \\$a188 pages$billustrations$c22 cm
=500  \\$aMet lit.opg., reg. ; Latijnse tekst en Nederlandse vertaling.
=648  \0$aClassical Antiquity (8th Century BC-6th Century AD)$1http://www.wikidata.org/entity/Q486761$921435
=650  \0$aTravel$1http://www.wikidata.org/entity/Q61509$94440
=651  \0$aPalestine$1http://www.wikidata.org/entity/Q23792$9235
=651  \0$aSyria$1http://www.wikidata.org/entity/Q858$923340
=651  \0$aEgypt$1http://www.wikidata.org/entity/Q79$968
=700  \\$4trl$4edt$aHunink, Vincent$923338
=700  \\$4win$aDrijvers, Jan Willem$923339
=942  \\$cBOO
=952  \\$00$10$2ddc$40$6BIO_EGER_A$70$8BIO$97129$aORPH$bORPH$cKTS1_P$d2020-07-08$eKoopman$i44E05$oBIO EGER a$p20126592$r2021-01-12 00:00:00$w2021-01-12$yBOO
=999  \\$d7130

