=LDR  01104aam a2200229   4500
=001  7132
=008  240308s1929\\\\||||||||\||||\00|\0bger\d
=041  \\$ager
=100  \\$aEhinger, H.$910680$4aut
=245  \\$aFriedrich Rochlitz als Musikschriftsteller
=260  \\$aLeipzig$bBreitkopf & Härtel$c1929
=490  \\$aSammlung musikwissenschaftlicher Einzeldarstellungen$v9
=600  \0$aRochlitz, Friedrich$d1769-1842$1http://www.wikidata.org/entity/Q71502$95595
=648  \0$a18th Century (1701-1800)$1http://www.wikidata.org/entity/Q7015$920899
=648  \0$a19th Century (1801-1900)$1http://www.wikidata.org/entity/Q6955$920935
=650  \0$aWriter$1http://www.wikidata.org/entity/Q36180$93885
=650  \0$aMusic criticism$1http://www.wikidata.org/entity/Q11748889$921598
=650  \0$aBiography$1http://www.wikidata.org/entity/Q36279$91927
=651  \0$aGermany$1http://www.wikidata.org/entity/Q183$9155
=942  \\$cBOO
=952  \\$00$10$2ddc$40$6BIO_ROCH_D$70$8BIO$97131$aORPH$bORPH$cKTS1_P$d2020-07-08$eKoopman$i25B27$l0$oBIO ROCH d$p20129197$r2021-01-12 00:00:00$w2021-01-12$yBOO$OKoopman
=999  \\$d7132

