=LDR  00992aam a2200217   4500
=001  7133
=005  20250926134854.0
=008  240303s1961\\\\||||||||\||||\00|\0\ger\d
=041  \\$ager
=100  \\$aEhmann, W.$910681$4aut
=245  \\$a,,Concertisten“ und ,,Ripienisten“ in der H-Moll-Messe J.S. Bachs
=260  \\$aKassel$bBärenreiter$c1961
=600  \0$aBach, Johann Sebastian$d1685-1750$1http://www.wikidata.org/entity/Q1339$94766
=648  \0$a18th Century (1701-1800)$1http://www.wikidata.org/entity/Q7015$920899
=650  \0$aH-Moll-Messe$1http://www.wikidata.org/entity/Q310549$927074
=650  \0$aOrchestra$1http://www.wikidata.org/entity/Q42998$93159
=650  \0$aInstrumentalist$1http://www.wikidata.org/entity/Q1278335$921706
=651  \0$aGermany$1http://www.wikidata.org/entity/Q183$9155
=942  \\$cBOO
=952  \\$00$10$2ddc$40$6BIO_BACH1_E$70$8BIO$97132$aORPH$bORPH$cKTS1_P$d2020-07-08$eKoopman$i30B37$oBIO BACH1 e$p20123389$r2021-01-12 00:00:00$w2021-01-12$yBOO
=999  \\$d7133

