=LDR  00878cam a2200241 i 4500
=001  7134
=005  20250423151030.0
=008  771117s1976\\\\gw\a\\\\\b\\\\000\0\ger\\
=020  \\$a3761805616
=040  \\$aOI
=041  \\$ager
=100  \\$aEhmann, Wilhelm$4aut$910682
=245  10$aVoce et tuba: Gesammelte Reden und Aufsätze 1934-1974
=260  \\$aKassel$bBärenreiter$c1976
=300  \\$axix-666 pages
=504  \\$aIncludes bibliographical references
=700  \\$4edt$aBerke, Dietrich$914859
=700  \\$4edt$aBernsdorff-Engelbrecht, Christiane$d1923-2016$921103
=700  \\$4edt$aKornemann, Helmut$921105
=942  \\$cBOO
=952  \\$00$10$2ddc$40$6TRE_EHMA$70$8TRE$97133$aORPH$bORPH$cKTS1_H$d2020-07-08$eKoopman$i30E16$oTRE EHMA$p20123352$r2021-01-12 00:00:00$w2021-01-12$yBOO
=999  \\$c7134$d7134
=650  \0$aMusic history$1http://www.wikidata.org/entity/Q846047$921373

