=LDR  04763cam a22003014a 4500
=001  7136
=005  20250120120010.0
=008  050712s2005\\\\gw\acgh\\b\\\\011\0\mul\c
=010  \\$a  2005433473
=020  \\$a3890076033 (cl.)
=040  \\$aOI
=041  0\$ager$aita$aeng
=100  \\$4dte$aWitzenmann, Wolfgang$d1937-$910684
=245  00$a"Vanitatis fuga, æternitatis amor":$bWolfgang Witzenmann zum 65. Geburtstag = Wolfgang Witzenmann in occasione del suo 65. compleanno
=246  \1$aVanitatis fuga, aeternitatis amor
=260  \\$aLaaber$bLaaber-Verlag$c2005
=300  \\$axi-753 pages$billustrations, facsimeles, music, 1 portrait$c24 cm
=490  \\$aAnalecta musicologica$v36
=504  \\$a"Schriftenverzeichnis Wolfgang Witzenmann": p. [715]-725.
=504  \\$aIncludes bibliographical references and index.
=505  0\$aVom Mythos der "italianità" : Vor-, Früh- und Problemgeschichte einer musikalischen Kategorie / Silke Leopold -- Libri di musica e liturgici nella biblioteca pontificia d'Avignon prima del Grande Scisma (1305-1378) / Galliano Ciliberti -- Ancora sul Ben venga maggio : per un supponibile "teatro di poesia in musica" a Siena nel primo Cinquecento / Francesco Luisi -- L'archivio musicale della Basilica di San Petronio a Bologna : nota informativa / Oscar Mischiati -- Wie klang der Frühling um 1600? : Madrigale von Monteverdi, Luzzaschi und Sigismondo d'India im mentalitätsgeschichtlichen Vergleich / Sebastian Klotz -- Dissoziation und Autonomie : Monteverdis Madrigal Sì ch'io vorrei morire / Siegfried Schmalzriedt -- Celebrazioni ed eventi musicali nella Cappella Pontificia durante l'Anno Santo 1625 : dal Diario redatto dal compositore e cantore perugino Francesco Severi, con l'edizione integrale di esso / Giancarlo Rostirolla -- Il dialogo O mestissime Jesu di Marco Marazzoli / Ala Botti Caselli -- Un'opera per Cristina di Svezia, La vita umana di Giulio Rospigliosi e Marco Marazzoli : simboli morali e allegoria cattolica nel dramma e nell'allestimento scenico / Saverio Franchi -- Il martirio de' santi Abundio prete, Abundantio Diacono, Marciano e Giovanni : una sconosciuta fonte librettistica / Teresa Chirico -- Una cantante del Seicento e le sue carte di musica : il "Libro della signora Cecilia" / Arnaldo Morelli -- More observations on Italian florid song in the seventeenth and eighteenth centuries / Margaret Murata -- Johann Mattheson und die Anfänge der Melodielehre / Peter Ackermann -- Spigolature romane : la musica a Roma attraverso avvisi e dispacci del Fondo Albani dell'Archivio di Stato di Pesaro (1711) / Teresa M. Gialdroni -- Girolamo Chiti und seine Palestrina-Bearbeitungen : Anmerkungen zu einem Manuskript mit Bearbeitungen der Offertorien von Palestrina aus dem Jahre 1593 / Siegfried Gmeinwieser -- Addenda et corrigenda all'edizione critica de Il barbiere di Siviglia di Giovanni Paisiello / Francesco Paolo Russo -- Der Kardinal und die Oper : Ercole Consalvi (1757-1824), Staatssekretär in Rom / Martina Grempler -- "--incomincerò a scrivere tutto quello che ho di già ideato--" / Pierluigi Petrobelli -- Italienische Volksmusik des 18. und 19. Jahrhunderts in Zeugnissen ausländischer Zeitgenossen / Daniel Brandenburg -- Un musicista tedesco nella Roma dell'Ottocento : Ludwig Landsberg / Bianca Maria Antolini -- Berlioz, Gounod, Spohr, Nicolai, Landsberg, Liszt und die Pifferari / Friedrich Lippmann -- Beijo a mão que me condena : una "modinha" di José Mauricio Nunes Garcia / Agostino Ziino -- Der ferne Klang des Jazz : Anmerkungen zur Rezeption von Ernst Kreneks Zeitoper Jonny spielt auf / Michael Wittmann -- "Chi non è con, è contro" : Adriano Lualdis Viaggio musicale nell'U.R.S.S. als Spiegel totalitärer Kulturpolitik in den 1930er Jahren / Christoph Flamm -- Augenmusik im Spätwerk Luigi Dallapiccolas / Dietrich Kämper -- "Mailänder Dramaturgie" : le scelte del repertorio lirico al Teatro alla Scala nel decennio 1970-1980 / Jürgen Maehder -- Alcune riflessioni sulla Gespenstersonate di Aribert Reimann / Luigi Bellingardi -- Laurence Feiningers Spartierungen von geistlicher Musik des 15. und 16. Jahrhunderts / Klaus Pietschmann -- Überlegungen zur zeitgenössichen liturgischen Musik am Beispiel ausgewählter Werke des tschechischen Komponisten Petr Eben / Bernhard Schrammek.
=546  \\$aChiefly in German and Italian; one contribution in English.
=650  \0$aMusic history$1http://www.wikidata.org/entity/Q846047$921373
=700  \\$aEngelhardt, Markus$4edt$910112
=700  \\$aEhrmann-Herfort, Sabine$4edt$910685
=942  \\$cBOO
=952  \\$00$10$2ddc$40$6REF_4_000000000000000_WITZ$70$8REF$97135$aORPH$bORPH$cKM12_1$d2020-07-08$eKoopman$iTS Analecta 36$oREF4 WITZ$p20129462$r2021-01-12 00:00:00$w2021-01-12$yBOO
=999  \\$d7136

