=LDR  03368cam a2200313 a 4500
=001  7137
=005  20250121142121.0
=008  101027s2010\\\\gw\ag\\\\b\\\\100\0\ger\c
=010  \\$a  2010514749
=020  \\$a9783761821305 (hbk.)
=028  30$aBVK 2130$bBärenreiter
=040  \\$aOI
=041  0\$ager$aita$aeng
=245  00$aGeorg Friedrich Händel in Rom:$bBeiträge der Internationalen Tagung am Deutschen Historischen Institut in Rom, 17-20 Oktober 2007
=260  \\$aKassel$aNew York$bBärenreiter$c2010
=300  \\$a358 pages$billustrations, music$c25 cm
=490  \\$aAnalecta musicologica$v44
=504  \\$aIncludes bibliographical references.
=505  2\$gVorwort : Ein Lutheraner in Rom : Komponieren im Kontext der Konfessionen / Silke Leopold -- Ein deutscher Protestant im Rom des frühen Settecento : allgemeine Hintergründe. Rom und das Papsttum am Beginn des 18. Jahrhunderts : Schlaglichter auf den Pontifikat Clemens' XI (1700-1721) / Matthias Schnettger. Die Künste in Rom unter Papst Clemens XI. Albani (1700-1721) / Elisabeth Kieven. Protestantische Stellungnahmen zu Lehre und Leben der römisch-katholischen Kirche im deutschen Umfeld Händels / Irene Dingel. Händel vor der Inquisition? : zum Umgang mit Protestanten im päpstlichen Rom um 1700 / Ricarda Matheus -- Händels musikalische Umfeld in Rom. What we know, and what we don't know, about Handel's career in Rome / Donald Burrows. Possibili valenze storico-ideologiche dell'attività musicale romana durante il soggiorno di Händel (1706-1708) / Saverio Franchi. Did Steffani compose a Confitebor in 1709? / Colin Timms. Francesco Antonio Urios Oratorium "Gilard ed Eliada" / Sara Jeffe. La musica sacra di Alessandro Scarlatti durante il periodo romano di Händel / Luca Della Libera -- Die römischen Kompositionen Georg Friedrich Händels und die Kunstpatronage in Rom um 1700. Giovanni Bononcini and Handel's early Roman music / John H. Roberts. Händels römische Kantate "Oh, come chiare e belle (Olinto pastore, Tebro fiume, Gloria)" (HWV 143) / Siegfried Schmalzriedt. Sacred and profane love : Handel and the Roman Cardinals / Ellen T. Harris. Zum Kontext und den ersten Interpreten von Händels "Delirio amoroso" / Karl Böhmer. "Or che regna Neron, moro contenta" : Händels "Agrippina" (1709/1710) und die Thronfolge des Erzherzogs Karl / Diana Blichmann. La musica alla corte dei Pamphilj : nuovi documenti d'archivio / Alexandra Nigito. Strumenti a corde e a fiato e strumentisti in casa Ottoboni all'epoca di Händel a Roma / Teresa Chirico. Mecenatismo e architettura per la musica nel primo Settecento romano : il cardinale Ottoboni, la regina di Polonia e il principe Ruspoli / Tommaso Manfredi.
=546  \\$a9 German, 5 Italian, 4 English contributions.
=600  \0$aHandel, George Frideric$d1685-1759$1http://www.wikidata.org/entity/Q7302$94765
=648  \0$a18th Century (1701-1800)$1http://www.wikidata.org/entity/Q7015$920899
=650  \0$aMusic history$1http://www.wikidata.org/entity/Q846047$921373
=651  \0$aRome (Italy)$1http://www.wikidata.org/entity/Q220$949
=700  \\$aEhrmann-Herfort, Sabine$4edt$910685
=700  \\$aSchnettger, Matthias$4edt$910688
=942  \\$cBOO
=952  \\$00$10$2ddc$40$6BIO_HAND_E$70$8BIO$97136$aORPH$bORPH$cKTS1_P$d2020-07-08$eKoopman$oBIO HAND e$p20129468$r2021-01-12 00:00:00$w2021-01-12$yBOO
=999  \\$d7137

