=LDR  03420cam a2200301 i 4500
=001  7138
=005  20250120120240.0
=008  131122s2013\\\\gw\ag\\\\b\\\\101\0\ger\d
=020  \\$a9783761821350 (hd.bd.)
=028  30$aBVK 2135$bBärenreiter
=040  \\$aOI
=041  0\$ager$aita$aeng
=245  00$aMigration und Identität:$bWanderbewegungen und Kulturkontakte in der Musikgeschichte
=260  \\$aKassel$bBärenreiter$c2013
=300  \\$a325 pages$billustrations, music$c25 cm
=490  1\$aAnalecta musicologica$v49
=500  \\$aInternational conference proceedings.
=504  \\$aIncludes bibliographical references and index.
=505  00$gDas Zeitalter der Mobilität und die Übersetzbarkeit der Kulturen / Wolf Lepenies -- Migration and the making of a common European culture, 1500-1800 / Pieter C. Emmer -- Musikwissenschaft und Migrationsforschung Einige grundsätzliche Überlegungen / Silke Leopold -- "Peregrinatio pro musica" Migration als Wegbereiter transalpiner Austauschbeziehungen / Anke Bödeker -- Musikalischer Mai auf Zypern als migriertes Ritual zu einigen Chansons des Codex Turin J.II.9 / Nicole Schwindt -- Wege portugiesischer Musikkultur nach Südostasien im Kontext der europäischen Expansionspolitik des 16. und 17. Jahrhunderts / Christian Storch -- Migration und Madrigal. Musikalische Wanderbewegungen und das Cinquecento-Madrigal in Florenz und Rom / Sabine Ehrmann-Herfort -- Die Breslauer Bibliotheca Rehdigeriana als Dokument der Migration des italienischen Stils in Europa / Tomasz Jez̊ -- "Nach der jetzig Newen Italienischen Manier zur guten Art im singen sich gewehnen". The "trillo" and the mechanics of migration of Italian noble singing / Richard Wistreich -- Kavalierstouren und Musiktransfer am Beispiel ausgesuchter Prinzenreisen / Margret Scharrer -- Migration, Transfer und Gattungswandel Einige Überlegungen zur Oper des 18. Jahrhunderts / Michele Calella -- Identitäten im Spiegel. Das wechselseitige Bild von Deutschland und Italien im frühen 19. Jahrhundert / Luca Aversano -- Migrazione e identità musicale. "Le Flibustier" di Cezar' Kjui a Parigi / Vincenzina C. Ottomano -- "So ward er unser." Palestrina als deutsches Nationalsymbol im Berliner Rundfunk während der Weimarer Republik / Mauro Fosco Bertola -- Adaptionen der jamaikanischen Ska-music durch die Subkultur der Skinheads in Grossbritannien / Daniel Siebert -- Mobilität und Kulturtransfer in Prozessen musikkultureller Migrationen zwischen Europa und Südasien / Lars-Christian Koch -- Parallelwelten? Das Eigene und das Fremde in der Musik Koreas / Hyesu Shin -- Veränderungen im Tonsystem der traditionellen koreanischen Muisk unter dem Einfluss westlicher Musik / O-Yeon Kwon -- Migration und Kulturkontakte in der Musikgeschichte ein Kommentar aus der Perspektive der historischen Migrationsforschung / Andreas Gestrich
=546  \\$a16 German, 1 Italian, 2 English contributions.
=650  \0$aMusic history$1http://www.wikidata.org/entity/Q846047$921373
=650  \0$aTravel$1http://www.wikidata.org/entity/Q61509$94440
=651  \0$aWorld$1http://www.wikidata.org/entity/Q2$922254
=700  \\$aLeopold, Silke$4edt$912377
=700  \\$aEhrmann-Herfort, Sabine$4edt$910685
=942  \\$cBOO
=952  \\$00$10$2ddc$40$6GHM_0_000000000000000$70$8GHM$97137$aORPH$bORPH$cKM12_1$d2020-07-08$eKoopman$l0$oGHM0$p20129469$r2021-01-12 00:00:00$w2021-01-12$yBOO$OKoopman TS
=999  \\$d7138

