=LDR  01102cam a2200265 i 4500
=001  7139
=005  20250606122040.0
=008  771121s1977\\\\gw\j\\\\\b\\\\001\0bger\\
=020  \\$a3761805624 :
=040  \\$aOI
=041  \\$ager
=100  \\$aEibl, Joseph Heinz$910689$4edt
=245  00$aWolfgang Amadeus Mozart.$bChronik eines Lebens
=250  \\$a2nd ed.
=260  \\$aKassel$bBärenreiter$aMunich$bDeutscher Taschenbuch Verlag$c1977
=300  \\$a151 pages$bgeneral table$c20 cm
=504  \\$aBibliography: p. 150-151.
=600  \0$aMozart, Wolfgang Amadeus$d1756-1791$1http://www.wikidata.org/entity/Q254$95341
=648  \0$a18th Century (1701-1800)$1http://www.wikidata.org/entity/Q7015$920899
=650  \0$aComposer$1http://www.wikidata.org/entity/Q36834$93625
=650  \0$aChronicle$1http://www.wikidata.org/entity/Q185363$939297
=651  \0$aAustria$1http://www.wikidata.org/entity/Q40$9202
=942  \\$cBOO
=952  \\$00$10$2ddc$40$6BIO_MOZA1_D$70$8BIO$97138$aORPH$bORPH$cKTS1_P$d2020-07-08$eKoopman$i31A32$oBIO MOZA1 d$p20121141$r2021-01-12 00:00:00$w2021-01-12$yBOO$OKoopman
=999  \\$d7139

