=LDR  01199aam a2200253   4500
=001  7140
=008  250606s1978\\\\||||||||\||||\00|\0bger\d
=020  \\$a3761805667
=041  \\$ager
=100  \\$aEibl, Joseph Heinz$910689$4edt
=245  \\$aMozart$bDie Dokumente seines Lebens, Addenda und Corrigenda
=260  \\$aKassel$bBärenreiter$c1978
=490  \\$aNMA$vX:31.1
=600  \0$aMozart, Wolfgang Amadeus$d1756-1791$1http://www.wikidata.org/entity/Q254$95341
=648  \0$a18th Century (1701-1800)$1http://www.wikidata.org/entity/Q7015$920899
=648  \0$a19th Century (1801-1900)$1http://www.wikidata.org/entity/Q6955$920935
=650  \0$aComposer$1http://www.wikidata.org/entity/Q36834$93625
=650  \0$aMusic history$1http://www.wikidata.org/entity/Q846047$921373
=650  \0$aMusic criticism$1http://www.wikidata.org/entity/Q11748889$921598
=650  \0$aLegacy$1http://www.wikidata.org/entity/Q623282$922131
=651  \0$aAustria$1http://www.wikidata.org/entity/Q40$9202
=942  \\$cBOO
=952  \\$00$10$2ddc$40$6BIO_MOZA1_B$70$8BIO$97139$aORPH$bORPH$cKTS1_P$d2020-07-08$eKoopman$i31A37-2$l1$oBIO MOZA1 b$p20121135$r2024-12-03 09:31:59$s2024-11-27$w2021-01-12$yBOO$OKoopman
=999  \\$d7140

