=LDR  01007    a2200241   4500
=001  7143
=008  220211s2006\\\\gw\af|||\||||\00|\0\mul\d
=020  \\$a9783897273474
=041  \\$ager$aeng
=245  \\$aFrischer Wind.$bDie Forschungorgeln der Hochschule der Künste Bern.
=246  \1$aFresh Wind. $bThe Research Organs of Bern University of the Arts
=260  \\$c2006$aGermany$bPfau Verlag
=300  \\$a112 pages$bContains a CD
=336  \\$aprinted
=650  \0$aOrgan$1http://www.wikidata.org/entity/Q1444$92810
=650  \0$aOrganology$1http://www.wikidata.org/entity/Q899293$921400
=651  \0$aBern (Switzerland)$1http://www.wikidata.org/entity/Q70$921795
=700  \\$4edt$aEidenbenz, Michael$910696
=700  \\$4edt$aGlaus, Daniel$d-1957$923678
=700  \\$4edt$aKraut, Peter$917588
=942  \\$cBOO
=952  \\$00$10$2ddc$40$6INS_3_000000000000000_1A_CH_BER$70$8INS$97142$aORPH$bORPH$cKTS0$d2020-07-08$eKoopman$i29D11$oINS3.1a CH.BER$p20121354$r2021-01-12 00:00:00$w2021-01-12$yBOO
=999  \\$d7143

