=LDR  00757    a2200169   4500
=001  7146
=008  231031r19051984gw\h||||\||||\00|\0\ger\d
=041  \\$ager
=100  \\$aEinstein, Alfred$d1880-1952$910698$4aut
=245  \\$aZur deutschen Literatur für Viola da Gamba im 16. und 17. Jahrhundert
=260  \\$c1984$c1905$aLeipzig$aVaduz$bSändig Reprint Verlag
=300  \\$a120 pages
=490  \\$aPublikationen der Internationalen Musikgesellschaft $vZweite Folge, Heft 1
=650  \0$aViola da gamba$1http://www.wikidata.org/entity/Q96066477$93955
=942  \\$cBOO
=952  \\$00$10$2ddc$40$6INS_4_000000000000000_5D_EINS$70$8INS$97145$aORPH$bORPH$cKTS0$d2020-07-08$eKoopman$i21C14$l0$oINS4.5d EINS$p20128225$r2021-01-12 00:00:00$w2021-01-12$yBOO$OKoopman
=999  \\$d7146

