=LDR  02751cam a2200349   4500
=001  7149
=005  20251028150407.0
=008  720330s1971\\\\njuagf\\\\\\\\001\0deng\|
=041  1\$aeng$hger
=059  \\$avv
=100  \\$aEinstein, Alfred$d1880-1952$910698$4aut
=245  14$aThe Italian Madrigal
=260  \\$aPrinceton, NJ$bPrinceton University Press$c1971
=300  \\$a3 volumes (xvi-476+[iv]-432-[1]+lvi-333 pages)
=504  \\$ahttps://eprints.soton.ac.uk/487800/1/STRAS_Einstein_revised_second_version.pdf
=520  \\$aVolume 1 of 3. This monumental three-volume work on the Italian madrigal from its beginnings about 1500 to its decline in the 17th century is based on the research of 40 years, and is a cultural history of the development of Italian music. Mr. Einstein, renowned musicologist, supplies a background and a sense of proportion to the field: he gives the right order to the single composers in the evolution fo the madrigal, attaches new values to old names, and places in the foreground the outstanding, but until now rather neglected, personality of Cipriano de Rore. His work is not, however, purely musicological; his object is to inquire into the functions of secular music in Italian life during the Cinquecento, and to contribute to our knowledge and understanding of that great century in general. 
=534  \\$aOriginally published in 1948
=648  \0$aRenaissance (1400-1600)$1http://www.wikidata.org/entity/Q4692$920965
=648  \0$a17th Century (1601-1700)$1http://www.wikidata.org/entity/Q7016$920923
=650  \0$aMusic history$1http://www.wikidata.org/entity/Q846047$921373
=650  \0$aMadrigal$1http://www.wikidata.org/entity/Q193217$921649
=650  \0$aPoetry$1http://www.wikidata.org/entity/Q482$93026
=650  \0$aVocal music$1http://www.wikidata.org/entity/Q685884$93319
=651  \0$aItaly$1http://www.wikidata.org/entity/Q38$922
=700  \\$aKrappe, Alexander H.$d1894-1947$1http://www.wikidata.org/entity/Q2642239$910699$4trl
=700  \\$aSessions, Roger$d1896-1985$910700$4trl
=700  \\$aStrunk, Oliver$d1901-1980$1http://www.wikidata.org/entity/Q1266266$920308$4trl
=942  \\$cBOO
=952  \\$00$10$2ddc$3vol. 1$40$6TOP_IT_4_000000000000000$70$8TOP$97146$aORPH$bORPH$cKTS0$d2020-07-08$eKoopman$i28C01_01$l0$oTOP IT 4$p20121450$r2021-01-12 00:00:00$w2021-01-12$yBOO$OKoopman
=952  \\$00$10$2ddc$3vol. 2$40$6TOP_IT_4_000000000000000$70$8TOP$97147$aORPH$bORPH$cKTS0$d2020-07-08$eKoopman$i28C01_02$l0$oTOP IT 4$p20121449$r2021-01-12 00:00:00$w2021-01-12$yBOO$OKoopman
=952  \\$00$10$2ddc$3vol. 3$40$6TOP_IT_4_000000000000000$70$8TOP$97148$aORPH$bORPH$cKTS0$d2020-07-08$eKoopman$i28C01_03$l0$oTOP IT 4$p20121448$r2021-01-12 00:00:00$w2021-01-12$yBOO$OKoopman
=999  \\$d7149

