=LDR  01111aam a2200229   4500
=001  7150
=008  250225q1954\\\\||||||||\||||\00|\0bger\d
=041  \\$ager
=100  \\$aEinstein, Alfred$d1880-1952$910698$4aut
=245  \\$aGluck.$bSein Leben, seine Werke
=260  \\$aZürich$aStuttgart$bPan$c[1954]
=600  \0$aGluck, Christoph Willibald$d1714-1787$1http://www.wikidata.org/entity/Q130759$96111
=648  \0$a18th Century (1701-1800)$1http://www.wikidata.org/entity/Q7015$920899
=650  \0$aComposer$1http://www.wikidata.org/entity/Q36834$93625
=650  \0$aOpera seria$1http://www.wikidata.org/entity/Q210675$925224
=650  \0$aOpéra comique$1http://www.wikidata.org/entity/Q785479$926167
=650  \0$aBiography$1http://www.wikidata.org/entity/Q36279$91927
=651  \0$aVienna (Austria)$1http://www.wikidata.org/entity/Q1741$920937
=651  \0$aParis (France)$1http://www.wikidata.org/entity/Q90$9160
=942  \\$cBOO
=952  \\$00$10$2ddc$40$6BIO_GLUC_D$70$8BIO$97149$aORPH$bORPH$cKTS1_P$d2020-07-08$eKoopman$i32E12$oBIO GLUC d$p20122856$r2021-01-12 00:00:00$w2021-01-12$yBOO$OKoopman
=999  \\$d7150

