=LDR  01363cam a2200277 a 4500
=001  7151
=005  20250205110319.0
=008  910326s1991\\\\cauagh\\\b\\\\001\0beng\\
=020  \\$a0804719551 (acid-free paper)
=040  \\$aOI
=041  \\$aeng
=100  \\$1http://www.wikidata.org/entity/Q5132592$4edt$aEisen, Cliff$d1952-$910703
=245  10$aNew Mozart Documents:$bA Supplement to O.E. Deutsch's Documentary Biography
=260  \\$aStanford, CA$bStanford University Press$c1991
=300  \\$axvii-192 pages$billustrations, music, facsimiles$c24 cm
=504  \\$aIncludes bibliographical references (p. 161-172) and indexes.
=600  \0$aMozart, Wolfgang Amadeus$d1756-1791$1http://www.wikidata.org/entity/Q254$95341
=648  \0$1http://www.wikidata.org/entity/Q7015$a18th Century (1701-1800)$920899
=650  \0$aComposer$1http://www.wikidata.org/entity/Q36834$93625
=650  \0$aBiography$1http://www.wikidata.org/entity/Q36279$91927
=650  \0$aReception$1http://www.wikidata.org/entity/Q1791660$925021
=650  \0$aLegacy$1http://www.wikidata.org/entity/Q623282$922131
=651  \0$aAustria$1http://www.wikidata.org/entity/Q40$9202
=942  \\$cBOO
=952  \\$00$10$2ddc$40$6BIO_MOZA1_B$70$8BIO$97150$aORPH$bORPH$cKTS1_P$d2020-07-08$eKoopman$i31C16$l1$oBIO MOZA1 b$p20123254$r2024-12-03 09:31:59$s2024-11-27$w2021-01-12$yBOO$OKoopman
=999  \\$d7151

