=LDR  01234aam a2200241   4500
=001  7152
=008  220902s1940\\\\||||||||\||||\00|\0\ger\d
=041  \\$ager
=100  \\$aEisenschmidt, Joachim$4aut$910704
=245  \\$aDie szenische Darstellung der Opern Georg Friedrich Händels auf der Londoner Bühne seiner Zeit$nTeil 1
=260  \\$aWolfenbüttel$aBerlin$bKallmeyer$c1940
=490  \\$aVeröffentlichungen aus dem Musikleben Mitteldeutschlands$v5
=500  \\$aThe second part was never published during the author's death.
=500  \\$aReprinted by Laaber in 1987
=600  \0$aHandel, George Frideric$d1685-1759$1http://www.wikidata.org/entity/Q7302$94765
=648  \0$a18th Century (1701-1800)$1http://www.wikidata.org/entity/Q7015$920899
=650  \0$aOpera$1http://www.wikidata.org/entity/Q1344$92468
=650  \0$aStaging$1http://www.wikidata.org/entity/Q3508687$922118
=651  \0$aHamburg (Germany)$1http://www.wikidata.org/entity/Q1055$921940
=651  \0$aLondon (United Kingdom)$1http://www.wikidata.org/entity/Q84$9123
=942  \\$cBOO
=952  \\$00$10$2ddc$40$6BIO_HAND_E$70$8BIO$97151$aORPH$bORPH$cKTS1_P$d2020-07-08$eKoopman$i32E24$oBIO HAND e$p20122843$r2021-01-12 00:00:00$w2021-01-12$yBOO$OKoopman
=999  \\$d7152

