=LDR  01072cam a2200253 a 4500
=001  7153
=005  20250926134854.0
=008  950525s1994\\\\gw\g\\\\\b\\\\000\0\ger\d
=010  \\$a   95157299 
=020  \\$a3795702690
=035  \\$a(OCoLC)31315724 
=040  \\$aMiU$cMiU$dNRU-Mus$dDLC
=042  \\$alccopycat
=100  \\$aEisert, Christian$910705
=245  14$aDie Clavier-Toccaten BWV 910-916 von Johann Sebastian Bach :$bquellenkritische Untersuchungen zu einem Problem des Frühwerks /$cChristian Eisert.
=260  \\$aMainz ;$aNew York :$bSchott,$cc1994.
=300  \\$a233 p. :$bmusic ;$c25 cm.
=504  \\$aIncludes bibliographical references.
=600  \0$aBach, Johann Sebastian$d1685-1750$1http://www.wikidata.org/entity/Q1339$94766
=600  \0$aBach, Johann Sebastian$d1685-1750$1http://www.wikidata.org/entity/Q1339$94766
=942  \\$cBOO
=952  \\$00$10$2ddc$40$6BIO_BACH1_E$70$8BIO$97152$aORPH$bORPH$cKTS1_P$d2020-07-08$eKoopman$i43G47$oBIO BACH1 e$p20126754$r2021-01-12 00:00:00$w2021-01-12$yBOO
=999  \\$c7153$d7153
=490  \\$aSchott Musikwissenschaft

