=LDR  01453nam a2200265 a 4500
=001  7154
=008  940502s1990\\\\gw\a\\\\\b\\\\001\0\ger\d
=041  \\$ager
=100  \\$aEisinger, Ralf$910707$4aut
=245  14$aDas Hagenmarkt-Theater in Braunschweig (1690-1861)
=260  \\$aBraunschweig$bStadtarchiv und Stadtbibliothek$c1990
=300  \\$axvi-270 pages$billustrations$c24 cm
=490  1\$aBraunschweiger Werkstücke$v78$aReihe A, Veröffentlichungen aus dem Stadtarchiv und der Stadtbibliothek$v29
=504  \\$aIncludes bibliographical references (p. 257-263) and index.
=610  \0$aOpernhaus am Hagenmarkt (Braunschweig, Germany)$1http://www.wikidata.org/entity/Q2026673$91303
=648  \0$a17th Century (1601-1700)$1http://www.wikidata.org/entity/Q7016$920923
=648  \0$a18th Century (1701-1800)$1http://www.wikidata.org/entity/Q7015$920899
=648  \0$a19th Century (1801-1900)$1http://www.wikidata.org/entity/Q6955$920935
=650  \0$aTheater history$1http://www.wikidata.org/entity/Q1061140$94607
=650  \0$aMusic history$1http://www.wikidata.org/entity/Q846047$921373
=650  \0$aOpera$1http://www.wikidata.org/entity/Q1344 $92468
=651  \0$aBrunswick (Germany)$1http://www.wikidata.org/entity/Q2773$950
=942  \\$cBOO
=952  \\$00$10$2ddc$40$6TOP_DE_BRA1_5_000000000000000$70$8TOP$97153$aORPH$bORPH$cKTS0$d2020-07-08$eKoopman$i35C08$l0$oTOP DE.BRA1 5$p20120748$r2021-01-12 00:00:00$w2021-01-12$yBOO$OKoopman
=999  \\$d7154

