=LDR  01094cam a22002654a 4500
=001  7156
=005  20250120120033.0
=008  060419s2006\\\\ne\a\\\\\b\\\\001\0ddut\c
=020  \\$a9059970322
=040  \\$aOI
=041  0\$adut$beng
=100  \\$aEkkart, Rudolf E. O.$4aut$910709
=245  10$aTibout Regters:$bschilder van portretten en conversatiestukken 1710-1768
=260  \\$aLeiden$bPrimavera$c2006
=300  \\$a144 pages$bill. (some col.) ;$c29 cm.
=504  \\$aIncludes bibliographical references (p. 134-137) and index.
=546  \\$aSummary in English.
=600  \0$aRegters, Tibout$d1710-1768$1http://www.wikidata.org/entity/Q7800530$910710
=650  \0$aFine art$1http://www.wikidata.org/entity/Q219625$921579
=650  \0$aPortrait$1http://www.wikidata.org/entity/Q134307$92622
=650  \0$aBiography$1http://www.wikidata.org/entity/Q36279$91927
=651  \0$aAmsterdam (Netherlands)$9189
=942  \\$cBOO
=952  \\$00$10$2ddc$40$6BIO_REGT_D$70$8BIO$97155$aORPH$bORPH$cKTS1_P$d2020-07-08$eKoopman$i30C28$oBIO REGT d$p20121210$r2021-01-12 00:00:00$w2021-01-12$yBOO
=999  \\$d7156

