=LDR  01224cam a2200289 a 4500
=001  7161
=005  20250611120326.0
=008  011130s2001\\\\gw\ah\\\\b\\\\001\0bger\c
=010  \\$a  2002399395
=020  \\$a3895640611
=035  \\$a(CSt)(Sirsi)a4697409
=035  \\$a(CStRLIN)CSUGA4697409-B
=040  \\$aOHX$cOHX$dCGU$dDLC
=042  \\$alccopycat
=043  \\$ae-gw---
=100  \\$aElftmann, Heike$910716
=245  10$aGeorg Schünemann (1884-1945) :$bMusiker, Pädagoge, Wissenschaftler und Organisator : eine Situationsbeschreibung des Berliner Musiklebens /$cHeike Elftmann.
=260  \\$aSinzig :$bStudio,$c[2001].
=300  \\$a376 p. :$bill., facsims. ;$c24 cm.
=504  \\$aIncludes bibliographical references (p. 341-366) and index.
=600  \0$aSchünemann, Georg$d1884-1945$1http://www.wikidata.org/entity/Q121675$910717
=650  \0$aMusicologist$1http://www.wikidata.org/entity/Q14915627$92342
=942  \\$cBOO
=952  \\$00$10$2ddc$40$6BIO_SCHU9_D$70$8BIO$97160$aORPH$bORPH$cKTS1_P$d2020-07-08$eKoopman$i28B47$oBIO SCHU9 d$p20121459$r2021-01-12 00:00:00$w2021-01-12$yBOO$OKoopman
=999  \\$c7161$d7161
=490  \\$aBerliner Musik Studien,
=651  \0$aGermany$1http://www.wikidata.org/entity/Q183$9155

