=LDR  00876    a2200193   4500
=001  7162
=008  220412s1961\\\\ge\\||||\||||\00|\0\ger\d
=041  \\$ager
=100  \\$aElgnowski, Günther$910718
=245  \\$aGeistliche Musik im alten Hamburg.$bDie Geschichte der Orgel des Heilig-Gest-Hospitals später der Martinskirche zu Cuxhaven-Ritzebüttel
=260  \\$c1961$aHamburg$bVerein für Hamburgische Geschichte
=300  \\$a118 pages
=336  \\$aprinted
=650  \0$aOrgan$1http://www.wikidata.org/entity/Q1444$92810
=650  \0$aOrganology$1http://www.wikidata.org/entity/Q899293$921400
=651  \0$aHamburg (Germany)$1http://www.wikidata.org/entity/Q1055$921940
=942  \\$cBOO
=952  \\$00$10$2ddc$40$6INS_3_000000000000000_1A_DE_HAM$70$8INS$97161$aORPH$bORPH$cKTS0$d2020-07-08$eKoopman$i47E02$oINS3.1a DE.HAM$p20123665$r2021-01-12 00:00:00$w2021-01-12$yBOO
=999  \\$d7162

