=LDR  01291aam a2200205   4500
=001  7163
=005  20251003085457.0
=008  230524s2003\\\\|||a||||\||||\00|\0\dut\d
=020  \\$a9789040088797
=041  \\$adut
=100  \\$aEliëns, Titus M.$d-1954$99066$4edt
=245  \\$aDelfts aardewerk III De Porceleyne Fles:$bgeschiedenis van een nationaal product
=260  \\$c2003$aZwolle$bWBOOKS
=300  \\$a248 pages
=520  \\$aThe Delft pottery factory De Porceleyne Fles in Delft celebrates its 350th anniversary. This anniversary is the reason for this beautifully illustrated book. Besides the special collection of Stedelijk Museum Het Prinsenhof about this famous bakery, various contributions highlight historical, archaeological and art-historical aspects of De Porceleyne Fles. This unique book is the third volume in the series 'Delfts aardewerk. Geschiedenis van een nationaal product', which can be considered the new standard work on Delftware.
=610  \0$aStedelijk Museum "Het Prinsenhof" (Delft, Netherlands)$91637
=650  \0$1http://www.wikidata.org/entity/Q2352616$aCatalogue$921484
=942  \\$cBOO
=952  \\$00$10$2ddc$40$6TOP_NL_DEL$70$8TOP$97162$aORPH$bORPH$cKTS0$d2020-07-08$eKoopman$l0$oTop NL.DEL$p20126641$r2021-01-12 00:00:00$w2021-01-12$yBOO$OKoopman
=999  \\$d7163

