=LDR  01150cam a2200277 a 4500
=001  7168
=005  20250305123013.0
=008  941108s1995\\\\nyua\\\\\\\\\\001\0\eng\\
=020  \\$a0517595001
=040  \\$aOI
=041  \\$aeng
=245  10$aAt Home with Books :$bHow Booklovers Live With and Care for their Libraries
=250  \\$a1st ed.
=260  \\$aNew York$bSouthern$c1995
=300  \\$a248 pages$bill. (some col.)$c31 cm
=650  \0$aArchitecture$1http://www.wikidata.org/entity/Q12271$93185
=650  \0$aLibrary$1http://www.wikidata.org/entity/Q7075$94229
=651  \0$aUSA$1http://www.wikidata.org/entity/Q30$943
=651  \0$aUnited Kingdom$1http://www.wikidata.org/entity/Q21$9273
=700  \\$aEllis, Estelle$4aut$910724
=700  \\$aSeebohm, Caroline$4aut$910725
=700  \\$aSykes, Christopher Simon$d-1948$4aut$910726
=856  \\$uhttp://www.loc.gov/catdir/description/random0414/94042000.html$3Publisher description
=942  \\$cBOO
=952  \\$00$10$2ddc$40$6BIB_1_000000000000000_ELLI$70$8BIB$97167$aORPH$bORPH$cKTS0$d2020-07-08$eKoopman$i19G10$l0$oBIB1 ELLI$p20125207$r2021-01-12 00:00:00$w2021-01-12$yBOO
=999  \\$c7168$d7168

