=LDR  00946cam a2200205 a 4500
=001  7169
=005  20250821151305.0
=008  020125s2000\\\\gw\a\\\\\b\\\\001\0dger\\
=020  \\$a3935284462
=040  \\$aOI
=100  \\$aElsberger, Manfred$910727
=245  10$aNina d'Aubigny von Engelbrunner :$beine adelige Musikpädagogin am Übergang vom 18. zum 19. Jahrhundert : Untersuchungen zu ihrem Hauptwerk Briefe an Natalie über den Gesang /$cManfred Elsberger.
=260  \\$aMünchen :$bBuch & Medi@,$c2000.
=300  \\$a342 p. :$bill. ;$c22 cm.
=504  \\$aIncludes bibliographical references (p. 283-309) and index.
=600  \0$aEngelbrunner, Nina d'Aubigny von$d1770-1847$910729
=600  \0$aEngelbrunner, Nina d'Aubigny von$d1770-1847$910729
=942  \\$cBOO
=952  \\$00$10$2ddc$40$6BIO_AUBI_B$70$8BIO$97168$aORPH$bORPH$cKTS1_P$d2020-07-08$eKoopman$i47C09$oBIO AUBI b$p20123741$r2021-01-12 00:00:00$w2021-01-12$yBOO$OKoopman
=999  \\$c7169$d7169

