=LDR  01830nam a2200241 a 4500
=001  7170
=005  20250120120011.0
=008  980817s1998\\\\gw\ag\\\\b\\\\010\0dger\c
=020  \\$a3795209218
=040  \\$aOI
=041  \\$ager
=100  \\$aAntonicek, Theophil$d1937-2014$1http://www.wikidata.org/entity/Q2419040$4dte$910730
=245  00$aÖsterreichische Musik, Musik in Österreich:$bBeiträge zur Musikgeschichte Mitteleuropas. Theophil Antonicek zum 60. Geburtstag
=260  \\$aTutzing$bSchneider$c1998
=300  \\$a745 pages$billustrations, music$c24 cm
=490  \\$aWiener Veröffentlichungen zur Musikwissenschaft$v34
=500  \\$aContributions by: Elschek, O.; Flotzinger, R.; Wessely, O.; Krones, H.; Borghetti, V.; Schnürl, K.; Scholz, G.; Seifert, H.; Sommer-Mathis, A.; Kanduth, E.; Hofmann, U.; Hochradner, T.; Sehnal. J.; Fukac, J.; Croll, G.; Fornari, G.; Lederer, J.H.; Biba, O.; Fuchs, I.; Reitterer, H.; Eybl, M.; Hilmar, R.; Handlos, M.; Hilscher, E.T.; Schmidhofer, A.; Gruber, G.; Gutknecht, D.; Walterskirchen, G.; Schubert, I.; Litschauer, W.; Harrandt, A.; Harten, U.; Partsch, E.W.; Maier, E.; Wagner, M.; Brosche, G.; Leibnitz, T.; Obermaier, W.; Kretschmer, H.; Haas, G.; Großegger, E.; Szab¢-Knotik, C.; Broidl, E.; Sinkovicz, W.; Andraschke, P.; Ottner, C.; Polednak, I.; Klein, H.D.; Vejvar, A.; Jir†nek, J.; Födermeyr, F.; Lechleitner, G.; Kowar, H.; Khittl, C.; Weber, M.; Deutsch, W.A.
=650  \0$aMusic history$1http://www.wikidata.org/entity/Q846047$921373
=651  \0$aAustria$1http://www.wikidata.org/entity/Q40$9202
=700  \\$aHilscher, Elisabeth Theresia$4edt$910731
=942  \\$cBOO
=952  \\$00$10$2ddc$40$6TOP_AT_0_000000000000000$70$8TOP$97169$aORPH$bORPH$cKTS0$d2020-07-08$eKoopman$i37D25$l0$oTOP AT 0$p20120531$r2021-01-12 00:00:00$w2021-01-12$yBOO$OKoopman
=999  \\$d7170

