=LDR  00379    a2200121   4500
=001  7171
=020  \\$a9055150509
=100  \\$aElsken, E. van der$910732
=245  \\$aL'Amour
=260  \\$c1995
=942  \\$cBOO
=952  \\$00$10$2ddc$40$6BIO_ELSK_A$70$8BIO$97170$aORPH$bORPH$cKTS1_P$d2020-07-08$eKoopman$i21A21$l0$oBIO ELSK a$p20128323$r2021-01-12 00:00:00$w2021-01-12$yBOO$OKoopman
=999  \\$c7171$d7171

