=LDR  01161aam a2200241   4500
=001  7173
=005  20251103124736.0
=008  250513s2000\\\\||||||||\||||\00|\0dger\d
=020  \\$a3476017141
=041  \\$ager
=100  \\$aElste, Martin$910734$4aut
=245  \\$aMeilensteine der Bach-Interpretation 1750-2000.$bEine Werkgeschichte im Wandel
=260  \\$aStuttgart$bMetzler$bBärenreiter$c2000
=600  \0$aBach, Johann Sebastian$d1685-1750$1http://www.wikidata.org/entity/Q1339$94766
=648  \0$a18th Century (1701-1800)$1http://www.wikidata.org/entity/Q7015$920899
=648  \0$a19th Century (1801-1900)$1http://www.wikidata.org/entity/Q6955$920935
=648  \0$a20th Century (1901-2000)$1http://www.wikidata.org/entity/Q6927$920936
=650  \0$aPerformance$1http://www.wikidata.org/entity/Q6942562$926223
=650  \0$aMusical interpretation$1http://www.wikidata.org/entity/Q1668139$94533
=650  \0$aMusic history$1http://www.wikidata.org/entity/Q846047$921373
=942  \\$cBOO
=952  \\$00$10$2ddc$40$6BIO_BACH1_E$70$8BIO$97172$aORPH$bORPH$cKTS1_P$d2020-07-08$eKoopman$i23D20$oBIO BACH1 e$p20128647$r2021-01-12 00:00:00$w2021-01-12$yBOO
=999  \\$d7173

