=LDR  01419aam a2200277   4500
=001  7174
=005  20250925143257.0
=008  230602s2009\\\\||||||||\c|||\00|\0bger\d
=020  \\$a9783922378235
=041  \\$ager
=100  \\$aElste, Martin$4aut$910734
=245  \\$aDie Dame mit dem Cembalo.$bWanda Landowska und die Alte MusikKatalog zur Sonderausstellung im Berliner Musikinstrumenten-Museum
=260  \\$aBerlin$bStaatliches Institut für Musikforschung$c2009
=590  \\$aKatalog zur Sonderausstellung im Berliner Musikinstrumenten-Museum
=600  \0$1http://www.wikidata.org/entity/Q160257$aLandowska, Wanda$d1879-1959$95780
=648  \0$1http://www.wikidata.org/entity/Q6955$a19th Century (1801-1900)$920935
=648  \0$1http://www.wikidata.org/entity/Q6927$a20th Century (1901-2000)$920936
=650  \0$1http://www.wikidata.org/entity/Q1278335$aInstrumentalist$921706
=650  \0$1http://www.wikidata.org/entity/Q6581072$aFemale$921764
=650  \0$1http://www.wikidata.org/entity/Q81982$aHarpsichord$92125
=650  \0$1http://www.wikidata.org/entity/Q436016$aEarly music$93160
=651  \0$1http://www.wikidata.org/entity/Q36$aPoland$996
=651  \0$1http://www.wikidata.org/entity/Q142$aFrance$9131
=942  \\$cBOO
=952  \\$00$10$2ddc$40$6BIO_LAND_B$70$8BIO$97173$aORPH$bORPH$cKTS1_P$d2020-07-08$eKoopman$i38E33$l0$oBIO LAND b$p20120367$r2021-01-12 00:00:00$w2021-01-12$yBOO$OKoopman
=999  \\$d7174

