=LDR  00937cam a2200217 i 4500
=001  7176
=008  760914s1976\\\\-ukah\\\\b\\\\001\0\eng\\
=041  \\$aeng
=100  \\$aElvin, Laurence$d-1913$910736$4aut
=245  00$aForster and Andrews.$bTheir barrel, chamber and small church organs 
=260  \\$aLincoln $bLaurence Elvin$c1976
=300  \\$aIV, 140 pages$bill., facsimiles$c25 cm
=504  \\$aBibliography: p. 131-132.
=610  \0$aForster and Andrews$91305
=650  \0$aOrgan$1http://www.wikidata.org/entity/Q1444$92810
=650  \0$aOrganology$1http://www.wikidata.org/entity/Q899293$921400
=651  \0$aUnited Kingdom$1http://www.wikidata.org/entity/Q21$9273
=700  1\$4win$925870$aMarshall, Philip$d1925-
=942  \\$cBOO
=952  \\$00$10$2ddc$40$6INS_3_000000000000000_1B_FORS$70$8INS$97175$aORPH$bORPH$cKTS0$d2020-07-08$eKoopman$i34A33$l0$oINS3.1b FORS$p20122629$r2021-01-12 00:00:00$w2021-01-12$yBOO$OKoopman
=999  \\$d7176

