=LDR  00360    a2200109   4500
=001  7177
=100  \\$aElwert, A.$910737
=245  \\$aUngedrukte Reste alten Gesangs ne
=260  \\$c1784
=942  \\$cBOO
=952  \\$00$10$2ddc$40$6LIT_ELWE_A$70$8LIT$97176$aORPH$bORPH$cKM12_2_H$d2020-07-08$eKoopman$i22F14$oLIT ELWE a$p20128844$r2021-01-12 00:00:00$w2021-01-12$yBOO
=999  \\$c7177$d7177

