=LDR  01266aam a2200241   4500
=001  7178
=008  220808s1984\\\\|||g||||\||||\00|\0dger\d
=041  \\$ager
=100  \\$aEmans, Reinmar$d1953-$4aut$1http://www.wikidata.org/entity/Q95250256$921856
=245  \\$aDie einstimmigen Kantaten, Canzonetten und Serenaden Giovanni Legrenzis
=260  \\$aBonn$bFriedrich-Wilhelms-Universität$c1984
=300  \\$a565 pages
=504  \\$aIncludes index and bibliography
=590  \\$aInaugural-Dissertation zur Erlangung der Doktorwürde der Philosophischen Fakultät der Rheinischen Friedrich-Wilhelms-Universität zu Bonn
=600  \0$aLegrenzi, Giovanni$d1626-1690$1http://www.wikidata.org/entity/Q354947$97231
=648  \0$a17th Century (1601-1700)$1http://www.wikidata.org/entity/Q7016$920923
=650  \0$aCantata$1http://www.wikidata.org/entity/Q174873$921603
=650  \0$aCanzonetta$1http://www.wikidata.org/entity/Q1034045$924591
=650  \0$aSerenata$1http://www.wikidata.org/entity/Q215911$921434
=651  \0$aVenice (Italy)$1http://www.wikidata.org/entity/Q641$91
=942  \\$cBOO
=952  \\$00$10$2ddc$40$6BIO_LEGR_E$70$8BIO$97177$aORPH$bORPH$cKTS1_P$d2020-07-08$eKoopman$i19B19$oBIO LEGR e$p20125101$r2021-01-12 00:00:00$w2021-01-12$yBOO$OKoopman
=999  \\$d7178

