=LDR  00694aam a2200157   4500
=001  7187
=008  240427s1957\\\\||||||||\||||\00|\0\eng\d
=041  \\$aeng
=100  \\$aEmery, Walter$d1909-1974$4aut$1http://www.wikidata.org/entity/Q52131118$97199
=245  \\$aEditions and Musicians.$bA Survey of the Duties of Practical Musicians & Editors towards the Classics
=260  \\$aLondon$bNovello$c1957
=300  \\$a54 pages
=650  \0$aUrtext edition$1http://www.wikidata.org/entity/Q2564985$923763
=942  \\$cBOO
=952  \\$00$10$2ddc$40$6MTP_2_000000000000000_DEMER$70$8MTP$97186$aORPH$bORPH$cKM12_1$d2020-07-08$eKoopman$i35D21$l0$oMTP2 DEMER$p20120701$r2021-01-12 00:00:00$w2021-01-12$yBOO
=999  \\$d7187

