=LDR  01066aam a2200217   4500
=001  7188
=005  20250926134855.0
=008  220131s1973\\\\|||g||||\||||\00|\0\eng\d
=041  \\$aeng
=100  \\$aEmery, Walter$d1909-1974$4aut$1http://www.wikidata.org/entity/Q52131118$97199
=245  \\$aBach's Ornaments
=260  \\$aKent$bNovello$c1973
=600  \0$aBach, Johann Sebastian$d1685-1750$1http://www.wikidata.org/entity/Q1339$94766
=648  \0$a18th Century (1701-1800)$1http://www.wikidata.org/entity/Q7015$920899
=650  \0$aComposer$1http://www.wikidata.org/entity/Q36834$93625
=650  \0$aOrnamentation$1http://www.wikidata.org/entity/Q739589$922524
=651  \0$aGermany$1http://www.wikidata.org/entity/Q183$9155
=942  \\$cBOO
=952  \\$00$10$2ddc$40$6BIO_BACH1_E$70$8BIO$97185$aORPH$bORPH$cKTS1_P$d2020-07-08$eKoopman$i32A14$oBIO BACH1 e$p20120991$r2021-01-12 00:00:00$w2021-01-12$yBOO
=952  \\$00$10$2ddc$40$6BIO_BACH1_E$70$8BIO$97187$aORPH$bORPH$cKTS1_P$d2020-07-08$eThwaites$oBIO BACH1 e$p20129998$r2021-01-12 00:00:00$w2021-01-12$yBOO
=999  \\$d7188

