=LDR  01564nam a2200313 a 4500
=001  7189
=005  20251103170152.0
=008  980915s1998\\\\it\afo\\\bc\\\001\0\ita\d
=041  1\$aita$heng
=100  \\$aMahon, Denis$d1910-2011$4col$1http://www.wikidata.org/entity/$910743
=245  10$aAlla scoperta del Barocco italiano:$bla collezione Denis Mahon
=260  \\$aVenice$bMarsilio$c1998
=300  \\$a205 pages
=500  \\$aExhibition Catalogue National Gallery London, Spring 1997 / Palazzo Ruspoli Roma september 1998
=504  \\$aIncludes bibliographical references (p. 180-193) and index.
=504  \\$a"Pubblicazioni di Sir Denis Mahon": p. 194-196.
=648  \0$a17th Century (1601-1700)$1http://www.wikidata.org/entity/Q7016$920923
=650  \0$aBaroque$1http://www.wikidata.org/entity/Q37853$921255
=650  \0$aFine art$1http://www.wikidata.org/entity/Q219625$921579
=650  \0$aCollecting$1http://www.wikidata.org/entity/Q208165$92117
=650  \0$aExhibition$1http://www.wikidata.org/entity/Q464980$925353
=650  \0$aCatalogue$1http://www.wikidata.org/entity/Q2352616$1http://www.wikidata.org/entity/Q6941730$921484
=651  \0$aItaly$1http://www.wikidata.org/entity/Q38$922
=700  \\$aFinaldi, Gabriele$4edt$910742
=700  \\$aKitson, Michael$4edt$910744
=765  \\$aDiscovering the Italian Baroque:  The Denis Mqhon Collection
=942  \\$cBOO
=952  \\$00$10$2ddc$40$6TOP_IT_5_000000000000000$70$8TOP$97188$aORPH$bORPH$cKTS0$d2020-07-08$eKoopman$i32B41$oTOP IT 5$p20122925$r2021-01-12 00:00:00$w2021-01-12$yBOO
=999  \\$d7189

