=LDR  01304aam a2200229   4500
=001  7193
=008  231129s2006\\\\nl\fh|||\||||\00|\0\dut\d
=020  \\$a906984480X
=041  \\$adut
=100  \\$aEnenkel, Karl$4aut$910747
=110  \\$aKoninklijke Nederlandse Akademie van Wetenschappen (Amsterdam, Netherlands)$1http://www.wikidata.org/entity/Q253439$91419
=245  \\$aImagines Agentes.$bGeheugenboeken en de organisatie van kennis in de Neolatijnse literatuur
=260  \\$c2006$aAmsterdam$bKoninklijke Nederlandse Academie Van Wetenschappen
=300  \\$a36 pages
=500  \\$aRede uitgesproken bij het aanvaarden van het ambt van bijzonder hoogleraar, vanwege de Stichting Akademieleerstoelen Geesteswetenschappen, op het gebied van de Neolatijnse letterkunde, aan de Universiteit Leiden op vrijdag 28 januari 2005.
=650  \0$aBook$1http://www.wikidata.org/entity/Q571$92285
=650  \0$aMemory$1http://www.wikidata.org/entity/Q492$921472
=650  \0$aIncunable$1http://www.wikidata.org/entity/Q216665$93964
=650  \0$aBibliophilia$1http://www.wikidata.org/entity/Q214719$921630
=942  \\$cBOO
=952  \\$00$10$2ddc$40$6BIB_1_000000000000000_ENEN$70$8BIB$97192$aORPH$bORPH$cKTS0$d2020-07-08$eKoopman$i33G32$l0$oBIB1 ENEN$p20122677$r2021-01-12 00:00:00$w2021-01-12$yBOO$OKoopman
=999  \\$d7193

