=LDR  01233aam a2200241   4500
=001  7195
=008  230629s1958\\\\|||g||||\||||\001\0\ger\d
=041  \\$ager
=100  \\$aBernsdorff-Engelbrecht, Christiane$d1923-2016$1http://www.wikidata.org/entity/Q95191376$4aut$921103
=245  \\$aDie Kasseler Hofkapelle im 17. Jahrhundert und ihre anonymen Musikhandschriften aus der Kasseler Landesbibliothek
=260  \\$c1958$aKassel$bBärenreiter
=300  \\$a192 pages
=490  \\$aMusikwissenschaftliche Arbeiten$v14
=610  \0$aKasseler Landesbibliothek (Germany)$940082
=648  \0$a17th Century (1601-1700)$1http://www.wikidata.org/entity/Q7016$920923
=650  \0$1http://www.wikidata.org/entity/Q87167$aManuscript$92275
=650  \0$1http://www.wikidata.org/entity/Q846047$aMusic history$921373
=650  \0$aCappella$1http://www.wikidata.org/entity/Q19902156$922910
=650  \0$aCourt$1http://www.wikidata.org/entity/Q1134237$922191
=651  \0$aKassel (Germany)$1http://www.wikidata.org/entity/Q2865$923932
=942  \\$cBOO
=952  \\$00$10$2ddc$40$6TOP_DE_KAS_5_000000000000000$70$8TOP$97194$aORPH$bORPH$cKTS0$d2020-07-08$eKoopman$i20E27$l0$oTOP DE.KAS 5$p20125407$r2021-01-12 00:00:00$w2021-01-12$yBOO$OKoopman
=999  \\$d7195

