=LDR  03284cam a22003254a 4500
=001  7196
=005  20250121142122.0
=008  041112s2004\\\\gw\ag\\\\b\\\\101\0\ger\c
=020  \\$a3890075681 (cl.)
=040  \\$aOI
=041  0\$ager$aita
=245  00$aMusik in Rom im 17. und 18. Jahrhundert:$bKirche und Fest = Musica a Roma nel sei e settecento: chiesa e festa
=246  30$aMusik in Rom im siebzehnten und achtzehnten Jahrhundert
=246  31$aMusica a Roma nel sei e settecento
=260  \\$aLaaber$bLaaber-Verlag$c2004
=300  \\$axiv-507 pages$billustrations, music$c24 cm
=490  \\$aAnalecta musicologica$v33
=505  0\$gLa festa barocca a Roma : sperimentalismo, politica, meraviglia / Maurizio Fagiolo dell'Arco -- Le feste di chiesa : opportunità per la ricerca musicologica / Carolyn Gianturco -- Aspekte sakraler Festmusik im barocken Rom / Siegrfried Gmeinwieser -- Die Sängergraffiti auf der Cantoria der Sixtinischen Kapelle zwischen Selbstglorifizierung und memorialer Frömmigkeit / Klaus Pietschmann -- Musik im Anno Santo : das heilige Jahr 1650 im Spiegel der Diarien / Juliane Riepe -- Das Fest der Heiligen Lucia an San Giovanni in Laterano / Wolfgang Witzenmann -- Ad honorem nostrae nationis germanicae ac decorum almae urbis Romae : festa e musica come strumento della politica imperiale / Rainer Heyink -- Römische Vertonungen der Lauretanischen Litanei : Palestrina, Cifra, Graziani, Foggia, Cesarini / Magda Marx-Weber -- Die römischen Psalm- und Vesper-vertonungen Alessandro Scarlattis unter desonderer Berücksichtigung der Cäcilien-Vesper von 1720/21 / Benedikt Poensgen -- Konkurrenz zur Oper? : römische Oratorien um 1650 / Christian Speck -- Musica nobile e copiosa di voci et istromenti : spazio architettonico, cantorie e palchi in relazione ai mutamenti di stile e prassi nella musica da chiesa fra Sei e Settecento / Arnaldo Morelli -- Festinszenierungen römischer Oratorien und Serenaten im Barockzeitalter / Hans Joachim Marx -- Profane und sakrale Musikspektakel der Barberini mit Kompositionen von Virgilio Mazzocchi / Bernhard Schrammek -- Romano Micheli : Zwang und Drang zur Sebstdarstellung / Michael Lamla -- Musiche e apparati nella basilica vaticana per le feste dei Santi Pietro e Paolo e della Dedicazione dalla fine des XVI al primo quarto del XVII secolo / Giancarlo Rostirolla -- --wie auf Schwanenflügeln getragen : zur Bedeutung der römischen Miserere-Rezeption für die deutsche Romantik / Jürgen Heidrich.
=546  \\$aGerman and Italian.
=648  \0$a17th Century (1601-1700)$1http://www.wikidata.org/entity/Q7016$920923
=648  \0$a18th Century (1701-1800)$1http://www.wikidata.org/entity/Q7015$920899
=650  \0$aMusic history$1http://www.wikidata.org/entity/Q846047$921373
=650  \0$aChurch music$1http://www.wikidata.org/entity/Q8812109$92283
=650  \0$aNobility$1http://www.wikidata.org/entity/Q134737$93602
=651  \0$aRome (Italy)$1http://www.wikidata.org/entity/Q220$949
=700  \\$4edt$aEngelhardt, Markus$910112
=700  \\$4edt$aFlamm, Christoph$920043
=942  \\$cBOO
=952  \\$00$10$2ddc$40$6TOP_IT_ROM_5_000000000000000$70$8TOP$97195$aORPH$bORPH$cKTS0$d2020-07-08$eKoopman$l0$oTOP IT.ROM 5$p20129459$r2021-01-12 00:00:00$w2021-01-12$yBOO$OKoopman TS
=999  \\$d7196

