=LDR  00727nam a2200205Ia 4500
=001  7197
=008  230131s2005\\\\\\\\\\\\\\\\\\\\\\0\ger
=020  \\$a3890076475
=041  \\$ager
=100  \\$aEngelhardt, Markus$4edt$910112
=245  \0$aStudien zur italienischen Musikgeschichte$nXVI
=260  \\$aLaaber$bLaaber-Verlag$c2005
=300  \\$aviii-399 pages
=490  \\$aAnalecta musicologica$v37
=650  \0$aMusic history$1http://www.wikidata.org/entity/Q846047$921373
=651  \0$aItaly$1http://www.wikidata.org/entity/Q38$922
=651  \0$aGermany$1http://www.wikidata.org/entity/Q183$9155
=942  \\$cBOO
=952  \\$00$10$2ddc$40$6TOP_IT$70$8TOP$97196$aORPH$bORPH$cKTS0$d2020-07-08$eKoopman$oTOP IT$p20129463$yBOO
=999  \\$d7197

