=LDR  01681cam a22003134a 4500
=001  7198
=005  20250120120414.0
=008  070829s2007\\\\gw\a\\\\\b\\\\101\0\ger\\
=020  \\$a9783890076805
=020  \\$a3890076807
=040  \\$aOI
=041  0\$ager$aita$aeng
=245  00$aArs magna musices :$bAthanasius Kircher und die Universalität der Musik
=260  \\$aLaaber$bLaaber-Verlag$c2007
=300  \\$axv-368 pages$billustrations$c24 cm
=490  \\$aAnalecta musicologica$v38
=504  \\$aIncludes bibliographical references and index.
=546  \\$aContributions in German, Italian, or English.
=590  \\$aVorträge des deutsch-italienischen Symposiums aus Anlass des 400. Geburtstages von Athanasius Kircher (1602-1680) : Musikgeschichtliche Abteilung des Deutschen Historischen Instituts in Rom, in Zusammenarbeit mit der Hochschule für Musik "Carl Maria von Weber" in Dresden : Rom, Deutsches Historisches Institut, 16.-18. Oktober 2002
=600  \0$aKircher, Athanasius$d1602-1680$1http://www.wikidata.org/entity/Q76738$97040
=610  \0$aJesuits$1http://www.wikidata.org/entity/Q36380$921140
=648  \0$a17th Century (1601-1700)$1http://www.wikidata.org/entity/Q7016$920923
=650  \0$aMusic history$1http://www.wikidata.org/entity/Q846047$921373
=651  \0$aRome (Italy)$1http://www.wikidata.org/entity/Q220$949
=700  \\$aEngelhardt, Markus$4edt$910112
=700  \\$aHeinemann, Michael$d1959-$4edt$1http://www.wikidata.org/entity/Q1372254$99472
=942  \\$cBOO
=952  \\$00$10$2ddc$40$6BIO_KIRC_E$70$8BIO$97197$aORPH$bORPH$cKTS1_P$d2020-07-08$eKoopman$l0$oBIO KIRC e$p20129464$r2021-01-12 00:00:00$w2021-01-12$yBOO$OKoopman TS
=999  \\$d7198

