=LDR  00373    a2200109   4500
=001  7199
=100  \\$aEngelhardt, R.$910753
=245  \\$aUntersuchungen über Einflüsse Joh
=260  \\$c1974
=942  \\$cBOO
=952  \\$00$10$2ddc$40$6BIO_KIRN_E$70$8BIO$97198$aORPH$bORPH$cKTS1_P$d2020-07-08$eKoopman$i44E07$oBIO KIRN e$p20126590$r2021-01-12 00:00:00$w2021-01-12$yBOO$OKoopman
=999  \\$c7199$d7199

