=LDR  02616aam a2200433   4500
=001  7200
=008  220111s1930\\\\\\\ga|||\||||\00|\0\ger\d
=041  \\$ager
=059  \\$avv str 
=100  \\$aEngelke, Bernhard$4wam$4trc$4edt$4win$910754
=245  \\$aMusik und Musiker am Gottorfer Hofe.$nErster Band$pDie Zeit der englischen Komödianten (1590-1627)
=260  \\$aWrocław$bHirt$c1930
=300  \\$a360 pages
=500  \\$aEdition of Hildebrandt and Füllsack's "Auserlesener Paduanen und Gaillarden 1. Theil" 1607, of Hildebrand's "Ander Theil auserlesener lieblicher Paduanen" 1609 and of William Brade's "Neue auserlesene Paduanen", 1609
=590  \\$aMit 6 Abbildungen
=610  \0$aSchloss Gottorf (Schleswig, Germany)$1http://www.wikidata.org/entity/Q647987$923425
=648  \0$a16th Century (1501-1600)$1http://www.wikidata.org/entity/Q7017$920944
=648  \0$a17th Century (1601-1700)$1http://www.wikidata.org/entity/Q7016$920923
=650  \0$aCourt$922191
=650  \0$aCappella$1http://www.wikidata.org/entity/Q19902156$922910
=650  \0$aMusic history$1http://www.wikidata.org/entity/Q846047$921373
=650  \0$aDance$1http://www.wikidata.org/entity/Q11639$1http://www.wikidata.org/entity/Q316930$924845
=650  \0$aPsalm$1http://www.wikidata.org/entity/Q12497663$92164
=650  \0$aSheet music$1http://www.wikidata.org/entity/Q187947$924701
=651  \0$aSchleswig-Holstein (Germany)$1http://www.wikidata.org/entity/Q1194$922805
=700  1\$aBrade, William$d1560-1630$1http://www.wikidata.org/entity/Q1706870$4cmp$939977
=700  \\$aFüllsack, Zacharias$d1570-1616$1http://www.wikidata.org/entity/Q139476$4col$940016
=700  \\$aHildebrand, Christian$d? - 1649$4col$940015
=700  \\$aBorchgrevinck, Melchior$d1572-1632$1http://www.wikidata.org/entity/Q469278$4cmp$939339
=700  \\$aDowland, John$d1563?-1626$1http://www.wikidata.org/entity/Q207355$4cmp$921458
=700  1\$aHolborne, Anthony$d1545-1602$1http://www.wikidata.org/entity/Q1676220$4cmp$939976
=700  \\$aJohnson, Edward$dfl. 1572-1601$1http://www.wikidata.org/entity/Q5343803$4cmp$927629
=700  \\$aPhilips, Peter$d1561-1628$1http://www.wikidata.org/entity/Q1930460$4cmp$97379
=700  \\$aGistou, Nicolas$d? - 1609$1http://www.wikidata.org/entity/Q1986573$4cmp$940019
=700  \\$aSommer, Johann$d1570-1627$4cmp$940022
=700  \\$aSteffens, Johann$d1560-1616$4cmp$940023
=942  \\$cSCO
=952  \\$00$10$2ddc$40$6TOP_DE_GOT2_4_000000000000000$70$8TOP$97199$aORPH$bORPH$cKTS0$d2020-07-08$eKoopman$i46A03$oTOP DE.GOT2 4$p20127596$r2021-01-12 00:00:00$w2021-01-12$yBOO
=999  \\$d7200

