=LDR  01136cam a22002411a 4500
=001  7202
=005  20250121142122.0
=008  820830s1922\\\\gw\cg\\\\\\\\\001\0bger\\
=040  \\$aOI
=041  \\$ager
=100  \\$aEngländer, Richard$d1889-1966$4aut$910756
=245  00$aJohann Gottlieb Naumann als Opernkomponist (1741-1801):$bmit neuen Beiträgen zur Musikgeschichte Dresdens und Stockholms
=260  \\$aLeipzig$bBreitkopf & Härtel$c1922
=300  \\$avi-429 pages, 72 pages of music$bportraits, music$c23 cm
=504  \\$aIncludes bibliographical references.
=600  \0$aNaumann, Johann Gottlieb$d1741-1801$1http://www.wikidata.org/entity/Q213927$96177
=648  \0$a18th Century (1701-1800)$1http://www.wikidata.org/entity/Q7015$920899
=650  \0$aComposer$1http://www.wikidata.org/entity/Q36834$93625
=650  \0$aOpera$1http://www.wikidata.org/entity/Q1344 $92468
=651  \0$aSweden$1http://www.wikidata.org/entity/Q34$9275
=942  \\$cBOO
=952  \\$00$10$2ddc$40$6BIO_NAUM_E$70$8BIO$97201$aORPH$bORPH$cKTS1_P$d2020-07-08$eKoopman$i30B12$oBIO NAUM e$p20123415$r2021-01-12 00:00:00$w2021-01-12$yBOO$OKoopman
=999  \\$d7202

