=LDR  00766    a2200169   4500
=001  7204
=008  211119s1915\\\\\\\|||||\||||\00|\0\dut\d
=041  \\$adut$hlat
=100  \\$aEpictetus$4aut$910758
=245  \\$aEnchiridion:$bZedekundig handboekje
=260  \\$aThe Hague$bNijhoff$c1915
=648  \0$aClassical Antiquity (8th Century BC-6th Century AD)$1http://www.wikidata.org/entity/Q486761$921435
=650  \0$aMoral education$1http://www.wikidata.org/entity/Q25457248$93171
=700  \\$4trl$4win$aScheurleer, Daniel François$d1855-1927$1http://www.wikidata.org/entity/Q3976286$95584
=942  \\$cBOO
=952  \\$00$10$2ddc$40$6PHI_EPIC_A$70$8PHI$97203$aORPH$bORPH$cKM12_3_2$d2020-07-08$eKoopman$i20D50$oPHI EPIC a$p20125341$r2021-01-12 00:00:00$w2021-01-12$yBOO
=999  \\$d7204

