=LDR  01192    a2200277   4500
=001  7205
=005  20251022131213.0
=008  220428e1984\\\\gw\a||||\||||\00|\0\ger\d
=041  \\$ager
=100  \\$aEppelsheim, Jürgen$4aut$910759
=245  \\$aBeschreibung der Riepp-Orgeln der Abteikirche Ottobeuren
=260  \\$aMunich$bArs Organi$c1984
=300  \\$a106-127 pages
=336  \\$aprinted
=490  \\$aArs Organi$v1984/2
=500  \\$aPrinted article
=600  \0$aRiepp, Karl Joseph$d1710-1775$924016
=610  \0$aBenediktiner-Abtei Ottobeuren (Germany)$1http://www.wikidata.org/entity/Q702001$91344
=648  \0$a18th Century (1701-1800)$1http://www.wikidata.org/entity/Q7015$920899
=650  \0$aOrgan$1http://www.wikidata.org/entity/Q1444$92810
=650  \0$aOrganology$1http://www.wikidata.org/entity/Q899293$921400
=650  \0$aMonastery$1http://www.wikidata.org/entity/Q44613$926216
=651  \0$aOttobeuren (Germany)$1http://www.wikidata.org/entity/Q532455$924014
=942  \\$cBOO
=952  \\$00$10$2ddc$40$6INS_3_000000000000000_1E_DE_OTT$70$8INS$97204$aORPH$bORPH$cKTS0$d2020-07-08$eKoopman$i24G26$oINS3.1e DE.OTT$p20125809$r2021-01-12 00:00:00$w2021-01-12$yBOO
=999  \\$d7205

