=LDR  00857aam a2200193   4500
=001  7206
=008  230503s1961\\\\||||||||\||||\00|\0\ger\d
=041  \\$ager
=100  \\$aEppelsheim, Jürgen$4aut$910759
=245  \\$aDas Orchester in den Werken Jean-Baptiste Lullys
=260  \\$aTutzing$bSchneider$c1961
=490  \\$aMünchner Veröffentlichungen zur Musikgeschichte$v7
=648  \0$1http://www.wikidata.org/entity/Q7016$a17th Century (1601-1700)$920923
=650  \0$1http://www.wikidata.org/entity/Q1544924$aMusical analysis$92775
=650  \0$1http://www.wikidata.org/entity/Q42998$aOrchestra$93159
=651  \0$1http://www.wikidata.org/entity/Q142$aFrance$9131
=942  \\$cBOO
=952  \\$00$10$2ddc$40$6BIO_LULL_E$70$8BIO$97205$aORPH$bORPH$cKTS1_P$d2020-07-08$eKoopman$i31E46$l0$oBIO LULL e$p20123187$r2021-01-12 00:00:00$w2021-01-12$yBOO$OKoopman
=999  \\$d7206

