=LDR  01057aam a2200229   4500
=001  7207
=005  20250926134855.0
=008  230704s1966\\\\|||g||||\||||\00|\0\ger\d
=041  \\$ager
=100  \\$aEppstein, H.$910760$4aut
=245  \\$aStudien über J.S. Bachs Sonaten für ein Melodieinstrument und obligates Cembalo
=260  \\$aUppsala$c1966
=490  \\$aStudia musicologica Upsaliensia, nova series$v2
=600  \0$1http://www.wikidata.org/entity/Q1339$aBach, Johann Sebastian$d1685-1750$94766
=648  \0$1http://www.wikidata.org/entity/Q7015$a18th Century (1701-1800)$920899
=650  \0$1http://www.wikidata.org/entity/Q1544924$aMusical analysis$92775
=650  \0$1http://www.wikidata.org/entity/Q131269$aSonata$921653
=650  \0$1http://www.wikidata.org/entity/Q81982$aHarpsichord$92125
=651  \0$1http://www.wikidata.org/entity/Q183$aGermany$9155
=942  \\$cBOO
=952  \\$00$10$40$6BIO_BACH1_E$70$8BIO$97206$aORPH$bORPH$cKTS1_P$d2020-07-08$eKoopman$i32A19$oBIO BACH1 e$p20120986$r2021-01-12 00:00:00$w2021-01-12$yBOO$OKoopman
=999  \\$d7207

