=LDR  01316aam a2200265   4500
=001  7208
=005  20250926134855.0
=008  230418s1970\\\\||||||||\||||\00|\0\ger\d
=041  \\$ager
=100  \\$aEppstein, H.$910760$4aut
=245  \\$aZur Vor- und Entstehungsgeschichte von J.S. Bachs Tripelkonzert A-Moll (BWV.1044)
=260  \\$aBerlin$bMerseburger$c1970
=490  \\$aJahrbuch des Staatlichen Instituts für Musikforschung Preußischer Kulturbesitz 1970, Sonderdruck
=600  \0$1http://www.wikidata.org/entity/Q1339$aBach, Johann Sebastian$d1685-1750$94766
=648  \0$1http://www.wikidata.org/entity/Q7015$a18th Century (1701-1800)$920899
=650  \0$aConcerto$1http://www.wikidata.org/entity/Q9748$921817
=650  \0$aTrio$1http://www.wikidata.org/entity/Q281643$921327
=650  \0$aFlute$1http://www.wikidata.org/entity/Q11405$921276
=650  \0$aViolin$1http://www.wikidata.org/entity/Q8355$92783
=650  \0$aHarpsichord$1http://www.wikidata.org/entity/Q81982$92125
=650  \0$aMusic history$1http://www.wikidata.org/entity/Q846047$921373
=651  \0$1http://www.wikidata.org/entity/Q183$aGermany$9155
=942  \\$cBOO
=952  \\$00$10$2ddc$40$6BIO_BACH1_E$70$8BIO$97207$aORPH$bORPH$cKTS1_P$d2020-07-08$eKoopman$i37E31$oBIO BACH1 e$p20120507$r2021-01-12 00:00:00$w2021-01-12$yBOO
=999  \\$d7208

