=LDR  00841aam a2200205   4500
=001  7210
=008  230607s1961\\\\||||||||\||||\00|\0\dut\d
=041  \\$adut$hlat
=100  \\$aErasmus, Desiderius$d1466-1536$1http://www.wikidata.org/entity/Q43499$4aut$95446
=245  \\$aSamenspraken
=260  \\$aUtrecht$aAntwerp$bHet Spectrum$c1961
=490  \\$aPrisma-boeken
=648  \0$1http://www.wikidata.org/entity/Q4692$aRenaissance (1400-1600)$920965
=650  \0$1http://www.wikidata.org/entity/Q5891$aPhilosophy$92357
=651  \0$1http://www.wikidata.org/entity/Q55$aNetherlands$9173
=700  \\$4trl$926294$aSingels, N. J.
=765  \\$aColloquia familiaria
=942  \\$cBOO
=952  \\$00$10$2ddc$40$6PHI_ERAS_A$70$8PHI$97209$aORPH$bORPH$cKM12_3_2$d2020-07-08$eKoopman$i38D23$oPHI ERAS a$p20130294$r2021-01-12 00:00:00$w2021-01-12$yBOO
=999  \\$d7210

