=LDR  01249cam a2200277 a 4500
=001  7213
=005  20250120120249.0
=008  100416s2007\\\\gw\ag\\\\bm\\\001\0\ger\d
=010  \\$a  2010416958
=020  \\$a388820500X
=020  \\$a9783888205002
=035  \\$a(OCoLC)ocn631330702
=035  \\$a(OCoLC)631330702
=040  \\$aTXA$cTXA$dDLC
=042  \\$alccopycat
=100  \\$aErhardt, Tassilo,$d-1978$910765
=245  10$aHändels Messiah :$bText, Musik, Theologie /$cTassilo Erhardt.
=260  \\$aBad Reichenhall :$bComes Verlag,$c2007.
=300  \\$a403 p. :$bill., music ;$c23 cm.
=502  \\$aRevision of author's dissertation (doctoral)--Universityof Utrecht, 2005, which was entitled: "A most excellent subject": Händels Messiah im Licht von Charles Jennens' theologischer Bibliothek.
=504  \\$aIncludes bibliographical references and indexes.
=600  \0$aHandel, George Frideric$d1685-1759$1http://www.wikidata.org/entity/Q7302$94765
=600  \0$aJennens, Charles$d1700-1773$1http://www.wikidata.org/entity/Q1065074$910767
=942  \\$cBOO
=952  \\$00$10$2ddc$40$6BIO_HAND_E$70$8BIO$97212$aORPH$bORPH$cKTS1_P$d2020-07-08$eKoopman$i29C17$oBIO HAND e$p20123467$r2021-01-12 00:00:00$w2021-01-12$yBOO$OKoopman
=999  \\$c7213$d7213

