=LDR  00953acm a2200205   4500
=001  7215
=008  250626s1959\\\\||||||||\||||\00|\0\ger\d
=041  \\$ager
=100  \\$aErlebach, Philipp Heinrich$d1657-1714$4cmp$910769
=245  \\$aHarmonische Freude, Musikalische Freunde$nI+II
=260  \\$aWiesbaden$bBreitkopf & Härtel$c1959
=490  \\$aDenkmaler Deutscher Tonkunst$v1:46/47
=648  \0$a17th Century (1601-1700)$1http://www.wikidata.org/entity/Q7016$920923
=650  \0$aVocal music$1http://www.wikidata.org/entity/Q685884$93319
=651  \0$aNuremberg (Germany)$1http://www.wikidata.org/entity/Q2090$921596
=700  \\$aKinkeldey, Otto$d1878-1966$1http://www.wikidata.org/entity/Q3887291$4edt$917501
=700  \\$aSchmidt, O.$4edt$940463
=942  \\$cSCO
=952  \\$00$10$2ddc$40$6SCO_ERLE$70$8SCO$97214$aORPH$bORPH$cKTS1_P$d2020-07-08$eKoopman$iW.0013-46/47$l0$oSCO ERLE$p20121564$r2021-01-12 00:00:00$w2021-01-12$ySCO$OW.0013-46/47
=999  \\$d7215

