=LDR  00849    a2200205   4500
=001  7216
=008  220208s1878\\\\nl\a||||\||||\00|\0\dut\d
=041  \\$adut
=100  \\$aErné, Hans$4edt$910770
=245  \\$aOude Oostenrijkse Orgels
=260  \\$c1979$bAVRO
=300  \\$a24 pages
=336  \\$aprinted
=505  \\$gEen beschrijving uit de gelijknamige serie radio-uitzendingen van de Avro van 4 februari t/m 4 april 1978, samengesteld door Hans Erné
=650  \0$aOrgan$1http://www.wikidata.org/entity/Q1444$92810
=650  \0$aOrganology$1http://www.wikidata.org/entity/Q899293$921400
=651  \0$aAustria$1http://www.wikidata.org/entity/Q40$9202
=942  \\$cBOO
=952  \\$00$10$2ddc$40$6INS_3_000000000000000_1A_AT$70$8INS$97215$aORPH$bORPH$cKTS0$d2020-07-08$eKoopman$i28B06$oINS3.1a AT$p20123625$r2021-01-12 00:00:00$w2021-01-12$yBOO
=999  \\$d7216

