=LDR  00360    a2200109   4500
=001  7217
=100  \\$aErnst, Friedrich$910771
=245  \\$aBach und das Pianoforte
=260  \\$c1961
=942  \\$cBOO
=952  \\$00$10$40$6BIO_BACH1_E$70$8BIO$97216$aORPH$bORPH$cKTS1_P$d2020-07-08$eKoopman$i32A20$oBIO BACH1 e$p20120985$r2021-01-12 00:00:00$w2021-01-12$yBOO$OKoopman
=999  \\$c7217$d7217

