=LDR  00985aam a2200217   4500
=001  7219
=008  220825s2013\\\\|||a||||\||||\00|\0dfre\d
=041  \\$afre
=100  \\$aErven Dorens, Maj. van$4aut$910772
=245  \\$aLe Tableau
=260  \\$as.l.$bvan Erven Dorens$c2013
=600  \0$aAutreau, Jacques$d1757-1745$1http://www.wikidata.org/entity/Q3158169$924753
=648  \0$a18th Century (1701-1800)$1http://www.wikidata.org/entity/Q7015$920899
=650  \0$aFine art$1http://www.wikidata.org/entity/Q219625$921579
=650  \0$aIconography$1http://www.wikidata.org/entity/Q208145$921259
=650  \0$aPortrait$1http://www.wikidata.org/entity/Q134307$92622
=650  \0$aSalon$1http://www.wikidata.org/entity/Q576342$923251
=651  \0$aFrance$1http://www.wikidata.org/entity/Q142$9131
=942  \\$cBOO
=952  \\$00$10$2ddc$40$6BIO_AUTR_E$70$8BIO$97218$aORPH$bORPH$cKTS1_P$d2020-07-08$eKoopman$i43C48$l0$oBIO AUTR e$p20127159$r2021-01-12 00:00:00$w2021-01-12$yBOO$OKoopman
=999  \\$d7219

