=LDR  01128cam a2200253 a 4500
=001  7222
=005  20250120120100.0
=008  850125s1980\\\\sp\g\\\\\b\\\\001\0\spa\\
=020  \\$a8430035206
=040  \\$aOI
=100  \\$aEster Sala, María A.$910775
=245  13$aLa ornamentación en la música de tecla ibérica del siglo XVI
=260  \\$aMadrid :$bSociedad Española de Musicología,$c1980.
=300  \\$a194 p. :$bmusic ;$c24 cm.
=490  1\$aPublicaciones de la Sociedad Española de Musicología. Sección C ;$v3
=504  \\$aBibliography: p. [189]-194.
=648  \0$a16th Century (1501-1600)$1http://www.wikidata.org/entity/Q7017$920944
=650  \0$aMusic theory$1http://www.wikidata.org/entity/Q193544$92662
=650  \0$aHistorically informed performance$1http://www.wikidata.org/entity/Q1344860$920980
=650  \0$aOrgan$1http://www.wikidata.org/entity/Q1444$92810
=651  \0$aSpain$1http://www.wikidata.org/entity/Q29$920983
=942  \\$cBOO
=952  \\$00$10$2ddc$40$6INS_3A_ES$70$8INS$97221$aORPH$bORPH$cKTS0$d2020-07-08$eKoopman$i30F12$oINS3a ES$p20123318$r2021-01-12 00:00:00$w2021-01-12$yBOO
=999  \\$d7222

