=LDR  00885    a2200229   4500
=001  7225
=008  211119s1964\\\\\\\af|||\||||\00|\0\dut\d
=041  \\$adut$heng
=100  \\$aEvans, Joan$4aut$910778
=245  \\$aLeven in de middeleeuwen
=250  \\$a2nd rev. ed.
=260  \\$aZeist$bde Haan$aAntwerp$bStandaard Boekhandel$c1964
=300  \\$a150 pages
=490  \\$aPhoenix Pocket
=534  \\$aOriginally published by Phaidon, London
=648  \0$aMiddle Ages (500-1400)$1http://www.wikidata.org/entity/Q12554$920964
=650  \0$aCuckoo$1http://www.wikidata.org/entity/Q18845$922474
=651  \0$aFrance$1http://www.wikidata.org/entity/Q142$9131
=765  \\$aLife in Medieval France
=942  \\$cBOO
=952  \\$00$10$2ddc$40$6TOP_FR_3_000000000000000$70$8TOP$97224$aORPH$bORPH$cKTS0$d2020-07-08$eKoopman$i40D14$oTOP FR 3$p20122302$r2021-01-12 00:00:00$w2021-01-12$yBOO
=999  \\$d7225

