=LDR  01575    a2200265   4500
=001  7226
=008  220708s1952\\\\||||||||\||||\00|\0aeng\d
=041  \\$aeng
=100  \\$aEvelyn, John$d1620-1706$4aut$1http://www.wikidata.org/entity/Q342712$95945
=245  \\$aThe Diary of John Evelyn
=260  \\$aLondon$bDent$aNew York$bDutton$c1952
=300  \\$a2 vols.
=490  \\$aEveryman's Library$v220
=500  \\$aSee also C2.03 H1-001 for an 19th-century edition of the diary
=500  \\$aJohn Evelyn (1620-1706) was educated at Oxford. He enjoyed music, especially consorts, and theater. He travelled widely on the Continent. In 1642 he joined King Charles I as a volunteer and after the Restoration was employed in various matters by the Government.
=648  \0$a17th Century (1601-1700)$1http://www.wikidata.org/entity/Q7016$920923
=650  \0$aDiary$1http://www.wikidata.org/entity/Q185598$921711
=650  \0$aCuckoo$1http://www.wikidata.org/entity/Q18845$922474
=651  \0$aUnited Kingdom$1http://www.wikidata.org/entity/Q21$9273
=700  \\$4edt$aBray, William$d1595-1644$1http://www.wikidata.org/entity/Q8005878$98283
=700  \\$4win$aRussell, George W. E.$924815
=942  \\$cBOO
=952  \\$00$10$2ddc$3vol. 1$40$6BIO_EVEL_A$70$8BIO$97225$aORPH$bORPH$cKTS0$d2020-07-08$eKoopman$i22F22-1$l1$oBIO EVEL a$p20128835$r2022-10-04 00:00:00$s2022-08-30$w2021-01-12$yBOO
=952  \\$00$10$2ddc$3vol. 2$40$6BIO_EVEL_A$70$8BIO$97226$aORPH$bORPH$cKTS0$d2020-07-08$eKoopman$i22F22-2$l1$oBIO EVEL a$p20128834$r2022-10-04 00:00:00$s2022-08-30$w2021-01-12$yBOO
=999  \\$d7226

