=LDR  01067aam a2200217   4500
=001  7229
=008  230608s1953\\\\||||||||\||||\00|\0\ger\d
=041  \\$ager
=100  \\$aEwerhart, Rudolf$4aut$910782
=245  \\$aDie Handschrift 322/1994 der Stadtbibliothek Trier als musikalische Quelle
=260  \\$aCologne$c1953
=300  \\$a157 pages
=500  \\$aPhD dissertation
=590  \\$aInaugural-Dissertation zur Erlangung des Doktorgrades der Philosophischen Fakultät der Universität Köln
=610  \0$1http://www.wikidata.org/entity/Q1590176$aStadtbibliothek Trier (Germany)$926299
=648  \0$aRenaissance (1400-1600)$1http://www.wikidata.org/entity/Q4692$920965
=650  \0$1http://www.wikidata.org/entity/Q87167$aManuscript$92275
=650  \0$aChurch music$1http://www.wikidata.org/entity/Q8812109$1http://www.wikidata.org/entity/Q1065742$92283
=942  \\$cBOO
=952  \\$00$10$2ddc$40$6BIB_4_000000000000000_DE_TRI$70$8BIB$97228$aORPH$bORPH$cKTS0$d2020-07-08$eKoopman$i28B27$l0$oBIB4 DE.TRI$p20121479$r2021-01-12 00:00:00$w2021-01-12$yBOO$OKoopman
=999  \\$d7229

