=LDR  01049cam a2200229 a 4500
=001  7230
=008  110429s2011\\\\gw\a\\\\\b\\\\001\0cger\d
=041  \\$ager
=100  \\$aEwerhart, Rudolf$4aut$910782
=245  14$aDie Orgel- und Claviermacher Senft in Koblenz und Augsburg
=260  \\$aTutzing $bHans Schneider$c2011
=300  \\$a418 pages$bill. (some col.)$c25 cm
=504  \\$aIncludes bibliographical references and indexes.
=600  \0$aSenft, Peter Johann$d1735-1805$910783
=600  \0$aSenft, Ignaz$d1770-1817$1http://www.wikidata.org/entity/Q95638214$910784
=650  \0$aOrgan$1http://www.wikidata.org/entity/Q1444$92810
=650  \0$aPiano$1http://www.wikidata.org/entity/Q5994$92127
=650  \0$aOrganology$1http://www.wikidata.org/entity/Q899293$921400
=651  \0$aGermany$1http://www.wikidata.org/entity/Q183$9155
=942  \\$cBOO
=952  \\$00$10$2ddc$40$6INS_3_000000000000000_1B_SENF$70$8INS$97229$aORPH$bORPH$cKTS0$d2020-07-08$eKoopman$i42G01$l0$oINS3.1b SENF$p20120048$r2021-01-12 00:00:00$w2021-01-12$yBOO$OKoopman
=999  \\$d7230

