=LDR  01297acm a2200253   4500
=001  7231
=008  230829i19571958|||||l||\||||\00|\0\dut\d
=041  \\$adut
=059  \\$arec
=100  \\$aEyck, Jacob van$d1590-1657$4cmp$1http://www.wikidata.org/entity/Q499608$98352
=245  \\$aDer Fluyten Lusthof
=260  \\$aAmsterdam$bIxijzet$c1957
=300  \\$a3 vols.
=534  \\$aOriginally published in 1644
=648  \0$1http://www.wikidata.org/entity/Q7016$a17th Century (1601-1700)$920923
=650  \0$1http://www.wikidata.org/entity/Q187851$aRecorder$91903
=650  \0$1http://www.wikidata.org/entity/Q639197$aInstrumental music$92106
=651  \0$1http://www.wikidata.org/entity/Q55$aNetherlands$9173
=700  \\$4edt$aVellekoop, Gerrit$d1907-1984$926448
=942  \\$cSCO
=952  \\$00$10$2ddc$3Deel 1$40$6SCO_EYCK$70$8SCO$97230$aORPH$bORPH$cKTS1_P$d2020-07-08$eKoopman$iWG.0179$l0$oSCO EYCK$p20121696$r2021-01-12 00:00:00$w2021-01-12$ySCO
=952  \\$00$10$2ddc$3Deel 2$40$6SCO_EYCK$70$8SCO$97231$aORPH$bORPH$cKTS1_P$d2020-07-08$eKoopman$iWG.0179$l0$oSCO EYCK$p20121695$r2021-01-12 00:00:00$w2021-01-12$ySCO
=952  \\$00$10$2ddc$3Deel 3$40$6SCO_EYCK$70$8SCO$97232$aORPH$bORPH$cKTS1_P$d2020-07-08$eKoopman$iWG.0179$l0$oSCO EYCK$p20121694$r2021-01-12 00:00:00$w2021-01-12$ySCO
=999  \\$d7231

