=LDR  01868cam a2200313 a 4500
=001  7234
=005  20250716123225.0
=008  871106s1987\\\\ne\a\\\\\bc\\\000\0bdut\\
=020  \\$a9062590756
=040  \\$aOI
=041  \\$adut
=100  \\$4edt$aEyffinger, Arthur$910788
=245  00$aHuygens herdacht:$bcatalogus bij de tentoonstelling in de Koninklijke Bibliotheek ter gelegenheid van de 300ste sterfdag van Constantijn Huygens, 26 maart-9 mei 1987
=260  \\$aThe Hague$bKoninklijke Bibliotheek$c[1987]
=300  \\$a182 pages$billustrations$c24 cm
=490  1\$aTentoonstellingscatalogi en brochures van de Koninklijke Bibliotheek$x0169-3557$v26
=504  \\$aIncludes bibliographies.
=505  0\$gHuygens herdacht / Arthur Eyffinger -- Beknopte bibliografie van de werken van Constantijn Huygens / Arthur Eyffinger -- De jongelingsjaren van de kinderen van Christiaan en Constantijn Huygens / Ed de Heer en Arthur Eyffinger -- Het geheimschrift van Huygens ontcijferd / J.F. Heijbroek -- Enkele aanvullingen op de catalogus Met Huygens op reis / M. Schapelhouman en J.F. Heijbroek.
=590  \\$aonder redactie van Arthur Eyffinger.
=600  \0$aHuygens, Constantijn$d1596-1687$1http://www.wikidata.org/entity/Q560746$95174
=648  \0$1http://www.wikidata.org/entity/Q7016$a17th Century (1601-1700)$920923
=650  \0$aPoet$1http://www.wikidata.org/entity/Q49757$92954
=650  \0$aComposer$1http://www.wikidata.org/entity/Q36834$93625
=650  \0$aPhilosopher$1http://www.wikidata.org/entity/Q4964182$926399
=650  \0$aBiography$1http://www.wikidata.org/entity/Q36279$91927
=651  \0$aNetherlands$1http://www.wikidata.org/entity/Q55$9173
=942  \\$cBOO
=952  \\$00$10$2ddc$40$6BIO_HUYG1_C$70$8BIO$97233$aORPH$bORPH$cKTS1_P$d2020-07-08$eKoopman$i19F30$oBIO HUYG1 c$p20125242$r2021-01-12 00:00:00$w2021-01-12$yBOO$OKoopman
=999  \\$d7234

