=LDR  00374    a2200121   4500
=001  7236
=020  \\$a9789461533722
=100  \\$aFaas, W.$910790
=245  \\$aDansen met Bach
=260  \\$c2013
=942  \\$cBOO
=952  \\$00$10$40$6BIO_BACH1_E$70$8BIO$97235$aORPH$bORPH$cKTS1_P$d2020-07-08$eKoopman$i44A15$oBIO BACH1 e$p20126731$r2021-01-12 00:00:00$w2021-01-12$yBOO$OKoopman
=999  \\$c7236$d7236

