=LDR  02339cam a2200301 i 4500
=001  7237
=005  20250926134855.0
=008  160113t20162016ne\ag\\\\b\\\\000\0ddut\d
=020  \\$a9789461539342$q(pbk.)
=020  \\$a9461539347
=024  3\$a9789461539342
=040  \\$aOI
=041  \\$adut
=100  \\$aFaas, Wim$4aut$910791
=245  10$aJohann Sebastian Bach en de Italiaanse barok:$balla maniera Italiana
=264  \1$aSoesterberg$bAspekt$c2016
=300  \\$a243 pages$billustrations, music$c21 cm
=504  \\$aIncludes bibliographical references (pages 238-240).
=520  \\$a"Het concerto, de triosonate, de cantate met zijn aria's en recitatieven. Al deze genre's zijn ontwikkeld in Italië. Als autodidact bestudeerde Bach werken van Italiaanse meesters. Hij bewerkte ze en voerde ze uit. Italiaanse invloeden, dikwijls afkomstig uit de in opkomst zijnde opera, brachten frisheid en virtuositeit in zijn muziek, maar ook dramatiek, zoals in de Matthäus Passion. In Johann Sebastian Bach en de Italiaanse barok wordt Bach tegen deze achtergronden belicht, en in verschillende rollen, zoals die van vader, broer, leraar, vriend en musicus. Net als in Dansen met Bach wordt in een mix van historische feiten en literaire fictie een levendig beeld van de grootste componist aller tijden. Voor hen die nog niet zo bekend zijn met Bach levert Alla maniera Italiana een originele kennismaking op, Bach-kenners daarentegen zullen verrassende nieuwe gezichtspunten ontdekken. Het boek wordt gecomplementeerd met een unieke serie korte portretten van Italiaanse componisten wiens composities Bach heeft bewerkt en veelal ook daadwerkelijk heeft uitgevoerd."-- Page 4 of cover.
=600  \0$aBach, Johann Sebastian$d1685-1750$1http://www.wikidata.org/entity/Q1339$94766
=648  \0$a18th Century (1701-1800)$1http://www.wikidata.org/entity/Q7015$920899
=650  \0$aComposer$1http://www.wikidata.org/entity/Q36834$93625
=650  \0$aInfluence$1http://www.wikidata.org/entity/Q1307337$922289
=651  \0$aItaly$1http://www.wikidata.org/entity/Q38$922
=700  \\$4win$aKoopman, Ton$d1944-$1http://www.wikidata.org/entity/Q445121$910491
=942  \\$cBOO
=952  \\$00$10$2ddc$40$6BIO_BACH1_E$70$8BIO$97236$aORPH$bORPH$cKTS1_P$d2020-07-08$eKoopman$i45D31$oBIO BACH1 e$p20127298$r2021-01-12 00:00:00$w2021-01-12$yBOO
=999  \\$d7237

