=LDR  01209aam a2200253   4500
=001  7238
=008  220819s1961\\\\|||fg|||\||||\00|\0dita\d
=041  \\$aita
=100  \\$aFabbri, M.$4aut$910792
=245  \\$aAlessandro Scarlatti e il principe Ferdinando de' Medici
=260  \\$aFlorence$bOlschki$c1961
=300  \\$a123 pages
=490  \\$aHistoriæ Musicæ Cultores Biblioteca$vXVI
=563  \\$aOld water damage; traces of mold removed in September 2022
=600  \0$aScarlatti, Alessandro$d1660-1725$1http://www.wikidata.org/entity/Q183087$913800
=600  \0$aMedici, Ferdinando de'$cGrand Prince of Tuscany$d1663-1713$1http://www.wikidata.org/entity/Q465178$924699
=648  \0$a17th Century (1601-1700)$1http://www.wikidata.org/entity/Q7016$920923
=648  \0$a18th Century (1701-1800)$1http://www.wikidata.org/entity/Q7015$920899
=650  \0$aComposer$1http://www.wikidata.org/entity/Q36834$93625
=650  \0$aCourt$922191
=651  \0$aTuscany (Italy)$1http://www.wikidata.org/entity/Q1273$923379
=942  \\$cBOO
=952  \\$00$10$2ddc$40$6BIO_SCAR1_E$70$8BIO$97237$aORPH$bORPH$cKTS1_P$d2020-07-08$eKoopman$i22D54$oBIO SCAR1 e$p20128426$r2021-01-12 00:00:00$w2021-01-12$yBOO$OKoopman
=999  \\$d7238

