=LDR  01700cam a2200265 a 4500
=001  7239
=005  20250120120155.0
=008  851015s1985\\\\it\acgh\\b\\\\001\0bita\\
=020  \\$a8870630358
=040  \\$aOI
=041  \\$aita
=100  \\$aFabbri, Paolo$d-1948$1http://www.wikidata.org/entity/Q7132187$910793
=245  10$aMonteverdi
=260  \\$aTurin$bEDT/Musica$c1985
=300  \\$aix-460 pages
=490  \\$aBiblioteca di cultura musicale
=504  \\$aBibliography: p. 439-446.
=520  \\$aMonteverdi's contribution to secular, sacred and theatrical music in the period was unparalleled: his madrigals, church music and operas remain very much alive today. A large number of contemporary documents, including some 130 of his own letters, offer rich insights into the composer and his times, also illuminating the many and varied contexts for music making in the most important musical centres in Italy. Fabbri uses these documents and other sources to present a rich narrative focusing on a composer who has perhaps rightly been called the 'father of modern music'. This translation brings an indispensable text to a much broader readership, providing a vivid picture of a fascinating period in music history. 
=600  \0$aMonteverdi, Claudio$d1567-1643$1http://www.wikidata.org/entity/Q53068$910794
=650  \0$aComposer$1http://www.wikidata.org/entity/Q36834$93625
=650  \0$aBiography$1http://www.wikidata.org/entity/Q36279$91927
=651  \0$aItaly$1http://www.wikidata.org/entity/Q38$922
=942  \\$cBOO
=952  \\$00$10$2ddc$40$6BIO_MONT2_D$70$8BIO$97238$aORPH$bORPH$cKTS1_P$d2020-07-08$eKoopman$i31A29$oBIO MONT2 d$p20121145$r2021-01-12 00:00:00$w2021-01-12$yBOO
=999  \\$d7239

