=LDR  01060nam a2200253 a 4500
=001  7240
=005  20250120120011.0
=008  841127s1983\\\\it\\\\\\\b\\\\000\0\ita\\
=010  \\$a   83209370 
=020  \\$a8822231767
=041  \\$aita
=245  03$aIl Corago,$bo vero, alcune osservazioni per metter bene in scena le composizioni drammatiche
=260  \\$aFlorence$bOlschki$c1983
=300  \\$a128 pages
=490  \\$aStudi e testi per la storia della musica$v4
=648  \0$a17th Century (1601-1700)$1http://www.wikidata.org/entity/Q7016$920923
=650  \0$aTheater$1http://www.wikidata.org/entity/Q24354$92225
=650  \0$aStaging$1http://www.wikidata.org/entity/Q3508687$922118
=651  \0$aItaly$1http://www.wikidata.org/entity/Q38$922
=700  \\$aFabbri, Paolo$d-1948$4edt$1http://www.wikidata.org/entity/Q7132187$910793
=700  \\$aPompilio, Angelo$4edt$910795
=942  \\$cBOO
=952  \\$00$10$2ddc$40$6TRE_CORA$70$8TRE$97239$aORPH$bORPH$cKTS1_H$d2020-07-08$eKoopman$i43G17$oTRE CORA$p20126790$r2021-01-12 00:00:00$w2021-01-12$yBOO
=999  \\$d7240

