=LDR  00948cam a2200241 a 4500
=001  7241
=008  020726s2002\\\\gw\\\\\\\b\\\\001\0dger\d
=041  \\$ager
=042  \\$alccopycat
=072  \7$aML$2lcco
=245  00$aHandbuch Orgelmusik$bKomponisten, Werke, Interpretation
=260  \\$aKassel $bBärenreiter $aStuttgart $bMetzler$c2002
=300  \\$axv-712 pages$c25 cm
=504  \\$aIncludes bibliographical references and index.
=650  \0$aOrgan music
=650  \0$aOrgan$1http://www.wikidata.org/entity/Q1444$92810
=650  \0$aEncyclopedia$1http://www.wikidata.org/entity/Q5292$92184
=650  \0$aMusic history$1http://www.wikidata.org/entity/Q846047$921373
=700  \\$aFaber, Rudolf$4aut$923586
=700  \\$aHartmann, Philip$4aut$923587
=942  \\$cBOO
=952  \\$00$10$2ddc$40$6INS_3_000000000000000_1A$70$8INS$97240$aORPH$bORPH$cKTS0$d2020-07-08$eKoopman$i29D05$oINS3.1a$p20121359$r2021-01-12 00:00:00$w2021-01-12$yBOO
=999  \\$d7241

