=LDR  01170cam a22002414a 4500
=001  7242
=005  20250926134855.0
=008  021115s2003\\\\enka\\\\\bk\\\001\0\eng\\
=020  \\$a0754605493 (alk. paper)
=040  \\$aOI
=041  \\$aeng
=100  \\$aFabian, Dorottya$917274$4aut
=245  10$aBach Performance Practice, 1945-1975:$bA Comprehensive Review of Sound Recordings and Literature
=260  \\$aAldershot$aBurlington, VT$bAshgate$c2003
=300  \\$axiv-314 pages$billustrations$c25 cm$eCD
=504  \\$aIncludes bibliographical references (p. 249-274), and discography (p. 275-298), and index.
=600  \0$aBach, Johann Sebastian$d1685-1750$1http://www.wikidata.org/entity/Q1339$94766
=648  \0$a20th Century (1901-2000)$1http://www.wikidata.org/entity/Q6927$920936
=650  \0$aHistorically informed performance$1http://www.wikidata.org/entity/Q1344860$920980
=650  \0$aSound recording industry$1http://www.wikidata.org/entity/Q10302058$92246
=942  \\$cBOO
=952  \\$00$10$2ddc$40$6BIO_BACH1_E$70$8BIO$97241$aORPH$bORPH$cKTS1_P$d2020-07-08$eKoopman$i32C03$l1$oBIO BACH1 e$p20122917$r2024-11-04 12:53:32$s2024-08-20$w2021-01-12$yBOO
=999  \\$d7242

