=LDR  01361cam a22002654a 4500
=001  7243
=005  20250219092125.0
=008  040513s2007\\\\enkag\\\\b\\\\001\0deng\\
=020  \\$a0754637212 (alk. paper)
=020  \\$a9780754637219 (alk. paper)
=040  \\$aOI
=100  \\$aFabris, Dinko$d1958-$910797
=245  10$aMusic in seventeenth-century Naples :$bFrancesco Provenzale (1624-1704) /$cDinko Fabris.
=260  \\$aAldershot, England ;$aBurlington, VT :$bAshgate Pub.,$cc2007.
=300  \\$axx, 310 p. :$bill., music ;$c24 cm.
=504  \\$aIncludes bibliographical references (p. [278]-301) and index.
=505  0\$aLa città della festa -- The age of Provenzale -- The four conservatoires -- A composer for the church -- Provenzale and opera in Naples -- Chamber and instrumental music -- Hope and disillusion -- Catalogue of Provenzale's works.
=600  \0$aProvenzale, Francesco,$d1624-1704.$910798
=650  \0$aMusic$92062
=942  \\$cBOO
=952  \\$00$10$2ddc$40$6BIO_PROV_E$70$8BIO$97242$aORPH$bORPH$cKTS1_P$d2020-07-08$eKoopman$i35A26$oBIO PROV e$p20122529$r2021-01-12 00:00:00$w2021-01-12$yBOO$OKoopman
=999  \\$c7243$d7243
=651  \0$aItaly$1http://www.wikidata.org/entity/Q38$922
=648  \0$a17th Century (1601-1700)$1http://www.wikidata.org/entity/Q7016$920923
=650  \0$aMusic history$1http://www.wikidata.org/entity/Q846047$921373

