=LDR  01154aam a2200241   4500
=001  7246
=008  220915s2017\\\\||||||||\||||\00|\0aita\d
=020  \\$a9788885425989
=041  \\$aita
=100  \\$aPetrone, Bonifacio$d1679-1734$4edt$1http://www.wikidata.org/entity/Q3642138$924960
=245  \\$aMemorie dell'Abate Don Bonifacio Pecorone della città di Saponara Musico della Real Cappella di Napoli 
=260  \\$aMatera$bBarile$c2017
=300  \\$a154 pages
=490  \\$aTesti della tradizione letteraria del Mezzogiorno d'Italia
=648  \0$a17th Century (1601-1700)$1http://www.wikidata.org/entity/Q7016$920923
=648  \0$a18th Century (1701-1800)$1http://www.wikidata.org/entity/Q7015$920899
=650  \0$aBiography$1http://www.wikidata.org/entity/Q36279$91927
=650  \0$aSinger$1http://www.wikidata.org/entity/Q177220$93915
=651  \0$aNaples (Italy)$1http://www.wikidata.org/entity/Q2634$921
=700  \\$4edt$aFabris, Dinko$d1958-$910797
=942  \\$cBOO
=952  \\$00$10$2ddc$40$6BIO_PETR_A$70$8BIO$97245$aORPH$bORPH$cKTS1_P$d2020-07-08$eKoopman$i48D37$l0$oBIO PETR a$p20130281$r2021-01-12 00:00:00$w2021-01-12$yBOO$OKoopman
=999  \\$d7246

