=LDR  00571    a2200157   4500
=001  7247
=008  210410r19641864\\\|||||\||||\00|\0\fre\d
=041  \\$afre
=100  \\$aFage, A. de la$4aut$910801
=245  \\$aEssais de diphthérographie musicale
=260  \\$c1964$aAmsterdam$bFrits Knuf
=300  \\$a568-131 pages
=942  \\$cBOO
=952  \\$00$10$2ddc$40$6TRE_FAGE$70$8TRE$97246$aORPH$bORPH$cKTS1_H$d2020-07-08$eKoopman$i20D5$l0$oTRE FAGE$p20125335$r2021-01-12 00:00:00$w2021-01-12$yBOO
=999  \\$c7247$d7247
=650  \0$aMusic history$1http://www.wikidata.org/entity/Q846047$921373

