=LDR  01209aam a2200253   4500
=001  7248
=005  20251003085457.0
=008  230329s1936\\\\||||||||\c|||\00|\0\fre\d
=041  \\$afre
=100  \\$aFaider, Paul$d1886-1940$4aut$1http://www.wikidata.org/entity/Q52158604$910802
=245  \\$aCatalogue des manuscrits de la Bibliothèque publique de la ville de Courtrai :$bBibliothèque Goethals-Vercruysse et autres fonds
=260  \\$aGembloux$bDuculot $c1936
=300  \\$a284 pages
=490  \\$aCatalogue général des manuscrits des bibliothèques de Belgique$v3
=590  \\$aavec la collaboration de Pierre-P. Debbaudt; mme. Faider-Feytmans
=650  \0$aCatalogue$1http://www.wikidata.org/entity/Q2352616$921484
=650  \0$aLibrary$1http://www.wikidata.org/entity/Q7075$94229
=650  \0$aManuscript$1http://www.wikidata.org/entity/Q87167$92275
=651  \0$aKortrijk (Belgium)$925963
=700  \\$aDebbaudt, Pierre-P. $4aut$939433
=700  \\$aFaider-Feytmans, Mme. $4aut$939434
=942  \\$cBOO
=952  \\$00$10$2ddc$40$6BIB_4_000000000000000_BE_KOR$70$8BIB$97247$aORPH$bORPH$cKTS0$d2020-07-08$eKoopman$i41C30$l0$oBIB4 BE.KOR$p20122155$r2021-01-12 00:00:00$w2021-01-12$yBOO$OKoopman
=999  \\$d7248

