=LDR  01999nam a2200325 a 4500
=001  7249
=008  841130s1984\\\\sz\g\\\\\b\\\\000\0\fre\d
=041  \\$afre
=100  \\$aFajon, Robert$4aut$910803
=245  12$aL'Opéra à Paris :$bdu Roi Soleil à Louis le Bien-Aimé
=260  \\$aGenève$bSlatkine$c1984
=300  \\$avi-440 pages
=504  \\$aBibliography: p. 425-432.
=520  \\$aL'Héritage de Lully -- Le répertoire de l'Académie Royale de  Musique -- L'inter-règne: de la mort de Lully à L'Europe Galante 1687-1697 -- L'époque de Campra et de Destouches 1697-1715 -- L'opéra sous la régence et au début du règne de Louis XV: 1715-1730 -- Importance et ambiguité des parodies
=600  \0$aLouis XIV$cKing of France$d1638-1715$1http://www.wikidata.org/entity/Q7742$99829
=600  \0$aLouis XV$cKing of France$d1710-1774$1http://www.wikidata.org/entity/Q7738$98079
=600  \0$aLully, Jean-Baptiste$d1632-1687$1http://www.wikidata.org/entity/Q1192$95867
=600  \0$aCampra, André$d1660-1744$1http://www.wikidata.org/entity/Q313860$95039
=600  \0$aDestouches, André Cardinal$d1672-1749$1http://www.wikidata.org/entity/Q517636$cKing of France$97879
=610  \0$aOpéra (Paris, France)$1http://www.wikidata.org/entity/Q283339$920898
=648  \0$a17th Century (1601-1700)$1http://www.wikidata.org/entity/Q7016$920923
=648  \0$a18th Century (1701-1800)$1http://www.wikidata.org/entity/Q7015$920899
=650  \0$aOpera$1http://www.wikidata.org/entity/Q1344$92468
=650  \0$aBallet$1http://www.wikidata.org/entity/Q41425$94412
=650  \0$aMusic history$1http://www.wikidata.org/entity/Q846047$921373
=650  \0$aHistory of dance$1http://www.wikidata.org/entity/Q27730$939407
=651  \0$aParis (France)$1http://www.wikidata.org/entity/Q90$9160
=942  \\$cBOO
=952  \\$00$10$2ddc$40$6TOP_FR_PAR_5_000000000000000$70$8TOP$97248$aORPH$bORPH$cKTS0$d2020-07-08$eKoopman$i44G15$oTOP FR.PAR 5$p20126861$r2021-01-12 00:00:00$w2021-01-12$yBOO
=999  \\$d7249

