=LDR  01315cam a22002771  4500
=001  7250
=005  20251003085457.0
=008  720816s1913\\\\xx\\\\\\\\\\\\000\0\ger\\
=040  \\$aOI
=041  \\$ager
=100  \\$aFalck, Martin$d1888-1914$1http://www.wikidata.org/entity/Q39174359$4aut$910804
=245  00$aWilhelm Friedemann Bach,$bsein Leben und seine Werke
=260  \\$aLeipzig,$bKahnt$c1913
=300  \\$aiv-170-31 pages$b2 portraits$c23 cm
=490  0\$aStudien zur Musikgeschichte$v1
=590  \\$amit thematischem Verzeichnis seiner Kompositionen und zwei Bildern
=600  \0$aBach, Wilhelm Friedemann$d1710-1784$1http://www.wikidata.org/entity/Q107277$99331
=648  \0$a18th Century (1701-1800)$1http://www.wikidata.org/entity/Q7015$920899
=650  \0$aComposer$1http://www.wikidata.org/entity/Q36834$93625
=650  \0$aBiography$1http://www.wikidata.org/entity/Q36279$91927
=650  \0$aCatalogue$1http://www.wikidata.org/entity/Q2352616$921484
=651  \0$aGermany$1http://www.wikidata.org/entity/Q183$9155
=700  \\$aSchering, Arnold$d1877-1941$1http://www.wikidata.org/entity/Q67576$4edt$97759
=942  \\$cBOO
=952  \\$00$10$2ddc$40$6BIO_BACH12_D$70$8BIO$97249$aORPH$bORPH$cKTS1_P$d2020-07-08$eKoopman$i32C10$oBIO BACH12 d$p20122910$r2021-01-12 00:00:00$w2021-01-12$yBOO
=999  \\$d7250

