=LDR  01235aam a2200265   4500
=001  7253
=008  250407s2015\\\\|||a||||\c|||\00|\0\fre\d
=020  \\$a9782860240246
=041  \\$afre
=100  \\$aFalmagne, T.$910807$4aut
=245  \\$aLes manuscrits de l'Abbaye de Cadouin
=260  \\$aPérigueux$bArchives départementales de la Dordogne$c2015
=300  \\$a320 pages
=610  \0$aAbbaye de Cadouin (France)$1http://www.wikidata.org/entity/Q333850$940013
=648  \0$aMiddle Ages (500-1400)$1http://www.wikidata.org/entity/Q12554$920964
=650  \0$aMonastery$1http://www.wikidata.org/entity/Q44613$926216
=650  \0$aLibrary$1http://www.wikidata.org/entity/Q7075$94229
=650  \0$aManuscript$1http://www.wikidata.org/entity/Q87167$92275
=650  \0$aAntiphonary$1http://www.wikidata.org/entity/Q1385360$921617
=650  \0$aPlainchant$1http://www.wikidata.org/entity/Q2707688$921363
=651  \0$aDordogne (France)$1http://www.wikidata.org/entity/Q3357$924242
=700  \\$aStones, Alison$4aut$940306
=942  \\$cBOO
=952  \\$00$10$2ddc$40$6BIB_4_000000000000000_FR_CAD$70$8BIB$97252$aORPH$bORPH$cKTS0$d2020-07-08$eKoopman$i47B15$l0$oBIB4 FR.CAD$p20121498$r2021-01-12 00:00:00$w2021-01-12$yBOO$OKoopman
=999  \\$d7253

