=LDR  00803    a2200193   4500
=001  7255
=008  220131|\\\\\\\\-uka||||\||||\00|\0\eng\d
=041  \\$aeng
=100  \\$aFarmer, Henry George$d1882-1965$4aut$1http://www.wikidata.org/entity/Q5721884$910809
=245  \\$aThe Organ of the Ancients from Eastern Sources
=260  \\$c1931$aLondon$bNew Temple Press
=300  \\$a187 pages
=336  \\$aprinted
=650  \0$aOrgan$1http://www.wikidata.org/entity/Q1444$92810
=650  \0$aOrganology$1http://www.wikidata.org/entity/Q899293$921400
=651  \0$aMiddle East$1http://www.wikidata.org/entity/Q7204$922252
=942  \\$cBOO
=952  \\$00$10$2ddc$40$6INS_3_000000000000000_1A$70$8INS$97254$aORPH$bORPH$cKTS0$d2020-07-08$eKoopman$i46F26$oINS3.1a$p20126892$r2021-01-12 00:00:00$w2021-01-12$yBOO
=999  \\$d7255

