=LDR  01331    a2200253   4500
=001  7258
=008  220204b1975\\\\be\\||||\||||\00|\0\dut\d
=041  \\$adut
=245  \\$aHet historisch orgel in Vlaanderen.$bDeel II a and b. Brabant
=260  \\$c1975$aBrussels$bRijksdienst voor Monumenten- en Landschapszorg
=300  \\$a464+617 pages-46+59 plates
=336  \\$aprinted
=648  \0$aPast$1http://www.wikidata.org/entity/Q192630$922196
=650  \0$aOrgan$1http://www.wikidata.org/entity/Q1444$92810
=650  \0$aOrgan music$1http://www.wikidata.org/entity/Q2003283$91951
=650  \0$aChurch$1http://www.wikidata.org/entity/Q16970$93776
=650  \0$aCuckoo$1http://www.wikidata.org/entity/Q18845$922474
=651  \0$aFlanders (Belgium)$1http://www.wikidata.org/entity/Q234$989
=700  \\$4aut$aFauconnier, Antoon$910812
=700  \\$4aut$aRoose, Patrick$923649
=942  \\$cBOO
=952  \\$00$10$2ddc$3Deel II a - Arrondissement Leuven$40$6INS_3_000000000000000_1A_BE$70$8INS$97257$aORPH$bORPH$cKTS0$d2020-07-08$eKoopman$i24C15$oINS3.1a BE$p20129045$r2021-01-12 00:00:00$w2021-01-12$yBOO
=952  \\$00$10$2ddc$3Deel II b - Arrondissement Halle - Vilvoorde$40$6INS_3_000000000000000_1A_BE$70$8INS$921260$aORPH$bORPH$cKTS0$d2020-07-08$eKoopman$i24C15$oINS3.1a BE$p20129043$r2022-02-04 00:00:00$w2021-01-12$yBOO
=999  \\$d7258

