=LDR  00955    a2200229   4500
=001  7260
=008  220201s1972\\\\nl\af|||\||||\00|\0\dut\d
=041  \\$adut
=245  \\$aOrgels van Vlaanderen
=260  \\$bMinisterie van de Vlaamse Gemeenschap
=300  \\$a143 pages
=336  \\$aprinted
=648  \0$a17th Century (1601-1700)$1http://www.wikidata.org/entity/Q7016$920923
=648  \0$a18th Century (1701-1800)$1http://www.wikidata.org/entity/Q7015$920899
=650  \0$aOrgan$1http://www.wikidata.org/entity/Q1444$92810
=650  \0$aOrganology$1http://www.wikidata.org/entity/Q899293$921400
=651  \0$aFlanders (Belgium)$1http://www.wikidata.org/entity/Q234$989
=700  \\$4aut$aFauconnier, Antoon$910812
=700  \\$4aut$aRoose, Patrick$923649
=942  \\$cBOO
=952  \\$00$10$2ddc$40$6INS_3_000000000000000_1A_BE$70$8INS$97259$aORPH$bORPH$cKTS0$d2020-07-08$eKoopman$i24G43$oINS3.1a BE$p20129316$r2021-01-12 00:00:00$w2021-01-12$yBOO
=999  \\$d7260

