=LDR  01332nam a2200289 a 4500
=001  7261
=005  20250218151342.0
=008  250218s1997\\\\||||||||\bc||\00|\0\ger\d
=020  \\$a376181349X
=041  \\$ager
=100  \\$aFaulstich, Bettina$910814$4aut
=245  14$aDie Musikaliensammlung der Familie von Voss :$bEin Beitrag zur Berliner Musikgeschichte um 1800
=260  \\$aKassel$bBärenreiter$c1997
=300  \\$a586 pages$bill., music$c25 cm.
=490  \\$aCatalogus musicus$v16
=504  \\$aIncludes bibliographical references (p. 545-562) and index.
=610  \0$aStaatsbibliothek zu Berlin (Germany)$91572
=610  \0$aVoss family$1http://www.wikidata.org/entity/Q15712767$922354
=648  \0$a18th Century (1701-1800)$1http://www.wikidata.org/entity/Q7015$920899
=648  \0$a19th Century (1801-1900)$1http://www.wikidata.org/entity/Q6955$920935
=650  \0$aMusic$92062
=650  \0$aMusic history$1http://www.wikidata.org/entity/Q846047$921373
=650  \0$aLibrary$1http://www.wikidata.org/entity/Q7075$94229
=651  \0$aBerlin (Germany)$1http://www.wikidata.org/entity/Q64$948
=942  \\$cBOO
=952  \\$00$10$2ddc$40$6BIB_4_000000000000000_DE_BER_VOSS$70$8BIB$97260$aORPH$bORPH$cKTS0$d2020-07-08$eKoopman$i28E43$l0$oBIB4 DE.BER VOSS$p20121391$r2021-01-12 00:00:00$w2021-01-12$yBOO$OKoopman
=999  \\$d7261

