=LDR  00976    a2200217   4500
=001  7263
=008  220324s1962\\\\||||||||\||||\00|\0\fre\d
=041  \\$afre
=100  \\$aFebvre, Lucien$d1878-1956$4aut$1http://www.wikidata.org/entity/Q156999$910817
=245  \\$aLe problème de l'incroyance au XVIe siècle :$bLa religion de Rabelais
=250  \\$a14th ed.
=260  \\$aParis$bAlbin Michel$c1962
=300  \\$axxviii-547 pages
=490  \\$aL'Évolution de l'humanité
=600  \0$aRabelais, François$dc. 1490-1553?$1http://www.wikidata.org/entity/Q131018$910931
=648  \0$a16th Century (1501-1600)$1http://www.wikidata.org/entity/Q7017$920944
=650  \0$aReligion$1http://www.wikidata.org/entity/Q9174$93062
=651  \0$aFrance$1http://www.wikidata.org/entity/Q142$9131
=942  \\$cBOO
=952  \\$00$10$2ddc$40$6LIT_RABE_B_FEBV$70$8LIT$97262$aORPH$bORPH$cKM12_2_H$d2020-07-08$eKoopman$i43D26$oLIT RABE b FEBV$p20126504$r2021-01-12 00:00:00$w2021-01-12$yBOO
=999  \\$d7263

