=LDR  05071cam a2200541 i 4500
=001  7266
=005  20250926134855.0
=008  131031s2013\\\\gw\g\\\\\b\\\\001\0\ger\d
=010  \\$a  2013465248
=016  7\$a1035827700$2GyFmDB
=016  7\$a1035827700$2DE-101
=020  \\$a9783487150116 (hd. bd.)$z978348150116 (hd.bd.)
=020  \\$a3487150115 (hd. bd.)
=035  \\$a(OCoLC)855531328
=040  \\$aOHX$beng$erda$cOHX$dHEBIS$dZCU$dCGU$dOCLCA$dSTF$dLTSCA$dOCLCQ$dDLC
=041  0\$ager$aeng
=042  \\$alccopycat
=072  \7$aML$2lcco
=100  \\$aFederhofer, Hellmut$d1911-2014$4aut$915075
=245  10$aTheorie als Brücke zur Praxis.$bGesammelte musiktheoretische Aufsätze
=260  \\$aHildesheim$bOlms$c2013
=300  \\$axiii-474 pages$c25 cm
=336  \\$atext$btxt$2rdacontent
=337  \\$aunmediated$bn$2rdamedia
=338  \\$avolume$bnc$2rdacarrier
=490  \\$aStudien und Materialen zur Musikwissenschaft$v75
=504  \\$aIncludes bibliographical references and index.
=505  00$gDie Musiktheorie Heinrich Schenkers -- Der strenge und freie Satz und sein Verhältnis zur Kompositionslehre von Heinrich Schütz in der Fassung seines Schülers Christoph Bernhard -- Die Figurenlehre nach Christoph Bernhard und die Dissonanzbehandlung in Werken von Heinrich Schütz -- Die Funktionstheorie Hugo Riemanns und die Schichtenlehre Heinrich Schenkers -- Zur Einheit von Stimmführung und Harmonik in Instrumentalwerken Mozarts -- Der 'Gradus ad Parnassum' von Johann Joseph Fux und seine Vorläufer in Österreich -- Zur handschriftlichen Überlieferung der Musiktheorie in Österreich in der 2. Hälfte des 17. Jahrhunderts -- Eine Musiklehre von Johann Jacob Prinner -- Bemerkungen zum Verhältnis von Stimmführung und Harmonik bei J.S. Bach -- Heinrich Schenker -- Johann Joseph Fux als Musiktheoretiker -- Marco Scacchis 'Cribrum musicum' (1643) und die Kompositionslehre von Christoph Bernhard -- Ein Salzburger Theoretikerkreis -- Zur neuesten Literatur über Heinrich Schenker -- Die Dissonanzbehandlung in Monteverdis kirchenmusikalischen Werken und die Figurenlehre von Christoph Bernhard -- Johann Joseph Fux und Johann Mattheson im Urteil Lorenz Christoph Mizlers -- Stylus antiquus und modernus im Verhältnis zum strengen und freien Satz -- Das Vermächtnis von Johann Joseph Fux an Johann Sebastian Bach -- Johann Joseph Fux und die  Johann Joseph Fux (1660-1741) und die Kontrapunktlehre --gleichschwebende Temperatur -- Methoden der Analyse im Vergleich -- Christoph Bernhards Figurenlehre und die Dissonanz -- Das Verhältnis von Intervall und Akkord zum strengen und freien Satz -- Musica poetica und musikalische Figur in ihrer Bedeutung für die Kirchenmusik des 16. und 17. Jahrhunderts -- Heinrich Schenker (1868-1935) und Arnold Schönberg (1874-1951) als Musiktheoretiker -- Ist die Lehre vom strengen Satz überflüssig? -- Das Verhältnis von Guido Adler und Heinrich Schenker zur musikalischen Analyse -- Zur Demokratisierung von Heinrich Schenkers Musikanschauung -- Heinrich Schenkers Vermächtnis -- Theodor W. Adornos und Heinrich Schenkers Musikdenken -- Heinrich Schenker und die deutschsprachige Musikwissenschaft -- Harmonische Tonalität als neues Hören -- Analyse, Musiktheorie und Philosophie -- Periodisierung der abendländischen Mehrstimmigkeit -- Der Wandel von musikästhetischen Wertvorstellungen in der Gegenwart konfrontiert mit Heinrich Schenkers Gedankenwelt -- John Rothgeb : Martin Eybl, "Tonale Musik als vernetztes Stückwerk"
=546  \\$aContribution by John Rothgeb in English but titled in German.
=600  10$1http://www.wikidata.org/entity/Q524156$aBernhard, Christoph$d1627-1692$99558
=600  \0$1http://www.wikidata.org/entity/Q153643$aSchütz, Heinrich$d1585-1672$97240
=600  \0$1http://www.wikidata.org/entity/Q311378$aFux, Johann Joseph$d1660-1741$910900
=600  \0$1http://www.wikidata.org/entity/Q1339$aBach, Johann Sebastian$d1685-1750$94766
=600  \0$1http://www.wikidata.org/entity/Q170333$aMattheson, Johann$d1681-1764$95222
=600  \0$921447$aMizler, Lorenz Christoph$d1711-1778
=600  \0$1http://www.wikidata.org/entity/Q213539$aRiemann, Hugo$d1849-1919$916448
=600  \0$1http://www.wikidata.org/entity/Q531995$aSchenker, Heinrich$d1868-1935$916074
=648  \0$1http://www.wikidata.org/entity/Q7016$a17th Century (1601-1700)$920923
=648  \0$1http://www.wikidata.org/entity/Q7015$a18th Century (1701-1800)$920899
=648  \0$1http://www.wikidata.org/entity/Q6955$a19th Century (1801-1900)$920935
=650  \0$aMusic theory$1http://www.wikidata.org/entity/Q193544$92662
=650  \0$aMusic history$1http://www.wikidata.org/entity/Q846047$921373
=650  \0$aMusical analysis$1http://www.wikidata.org/entity/Q1544924$92775
=700  \\$aKarner, Josef$4edt$910821
=700  \\$aRothgeb, John$4ctb$916677
=942  \\$cBOO
=952  \\$00$10$2ddc$40$6MTP_1_000000000000000_FEDE$70$8MTP$97265$aORPH$bORPH$cKM12_1$d2020-07-08$eKoopman$i46C09$l0$oMTP1 FEDE$p20127655$r2021-01-12 00:00:00$w2021-01-12$yBOO
=999  \\$d7266

