=LDR  01614aam a2200313   4500
=001  7268
=005  20250925143257.0
=008  210330s1981\\\\\\\|||||\||||\00|\0\ger\d
=020  \\$a3700103859
=041  \\$ager
=100  \\$aFederhofer, Hellmut$d1911-2014$4aut$915075
=245  \\$aAkkord und Stimmführung in den musiktheoretischen Systemen von Hugo Riemann, Ernst Kurth und Heinrich Schenker
=260  \\$c1981$aWien$bÖsterreichischen Akademie der Wissenschaften
=300  \\$a192 pages
=490  \\$aVeröffentlichungen der Kommission für Musikforschung$v21
=600  \0$aRiemann, Hugo$d1849-1919$1http://www.wikidata.org/entity/Q213539$916448
=600  \0$aKurth, Ernst$d1886-1946$1http://www.wikidata.org/entity/Q88517$939273
=600  \0$aSchenker, Heinrich$d1868-1935$1http://www.wikidata.org/entity/Q531995$916074
=648  \0$a19th Century (1801-1900)$1http://www.wikidata.org/entity/Q6955$920935
=648  \0$a20th Century (1901-2000)$1http://www.wikidata.org/entity/Q6927$920936
=650  \0$aMusic theory$1http://www.wikidata.org/entity/Q193544$92662
=650  \0$aHarmony$1http://www.wikidata.org/entity/Q184421$92358
=650  \0$aVoice leading$1http://www.wikidata.org/entity/Q2027877$939274
=651  \0$aGermany$1http://www.wikidata.org/entity/Q183$9155
=651  \0$aSwitzerland$1http://www.wikidata.org/entity/Q39$920954
=700  \\$4edt$aGrasberger, Franz$d1915-1981$911240
=942  \\$cBOO
=952  \\$00$10$2ddc$40$6TRE_FEDEMTP1_FEDE$70$8TRE$97267$aORPH$bORPH$cKTS1_H$d2020-07-08$eKoopman$i43F33$l0$oTRE FEDE-->MTP1 FEDE$p20126447$r2021-01-12 00:00:00$w2021-01-12$yBOO
=999  \\$d7268

