=LDR  00982aam a2200229   4500
=001  7270
=008  250626s1994\\\\||||||||\||||\00|\0\dut\d
=020  \\$a9075089015
=022  \\$a13803239
=041  \\$adut
=100  \\$aFeenstra, R.$910824$4aut
=245  \\$aPhilips van Leyden en zijn bibliotheek
=260  \\$aLeiden$bBurgersdijk & Niermans$c1994
=490  \\$aIn den Houttuyn. Nieuwe reeks$vI
=600  \0$aFilips van Leiden$dc. 1325-1382$1http://www.wikidata.org/entity/Q2199698$940464
=648  \0$aMiddle Ages (500-1400)$1http://www.wikidata.org/entity/Q12554$920964
=650  \0$aLibrary$1http://www.wikidata.org/entity/Q7075$94229
=650  \0$aLawyer$1http://www.wikidata.org/entity/Q40348$923066
=651  \0$aLeiden (Netherlands)$1http://www.wikidata.org/entity/Q43631$978
=942  \\$cBOO
=952  \\$00$10$2ddc$40$6BIO_PHIL1_D$70$8BIO$97269$aORPH$bORPH$cKTS1_P$d2020-07-08$eKoopman$i42F28$l0$oBIO PHIL1 d$p20121987$r2021-01-12 00:00:00$w2021-01-12$yBOO$OKoopman
=999  \\$d7270

