=LDR  01697aam a2200217   4500
=001  7271
=008  230629s1928\\\\|||ao|||\||||\00|\0|ger\d
=041  \\$ager
=100  \\$aFehér, Géza$d1890-1955$1http://www.wikidata.org/entity/Q997153$910825$4aut
=245  \\$aDie Inschrift des Reiterreliefs von Madara
=260  \\$c1928$aSofia$bStaatsdruckerei
=300  \\$a144 pages
=500  \\$aThe so called "Madara Rider", is an early medieval (early 8th-century) large rock relief carved by the Bulgars and also featuring several epigraphs of historic importance written in Medieval Greek.
=500  \\$aGéza Fehér (1890-1955) was a Hungarian archaeologist. In 1922 he went to Bulgaria to do research work. Here with the assistance of the government he built a scaffold to the famous rock-relief of Madara, and got permission and assistance to carry out excavations in the neighbourhood of the rock relief. Géza Fehér succeded in deciphering the inscriptions of the relief of Madara, a problem untill then unsolved. He published his results in a monography in German and Bulgarian, and in a number of papers published in Bulgarian and Hungarian. (https://belleten.gov.tr/tam-metin-pdf/1196/eng)
=648  \0$aMiddle Ages (500-1400)$1http://www.wikidata.org/entity/Q12554$920964
=650  \0$1http://www.wikidata.org/entity/Q23498$aArcheology$94082
=650  \0$1http://www.wikidata.org/entity/Q181260$aEpigraphy$921976
=651  \0$1http://www.wikidata.org/entity/Q219$aBulgaria$926361
=942  \\$cBOO
=952  \\$00$10$2ddc$40$6TOP_BG_MAD_3_000000000000000$70$8TOP$97270$aORPH$bORPH$cKTS0$d2020-07-08$eKoopman$i31B32$l0$oTOP BG.MAD 3$p20130332$r2021-01-12 00:00:00$w2021-01-12$yBOO$OKoopman
=999  \\$d7271

