=LDR  01369aam a2200253   4500
=001  7272
=008  230503s1929\\\\|||fja||\||||\00|\0dger\d
=041  \\$ager
=100  \\$aFehr, Max$d1887-1963$1http://www.wikidata.org/entity/Q3853035$910826$4aut
=245  \\$aDas Musikkollegium Winterthur 1629-1837$bNach den Quellen dargestellt
=260  \\$aWinterthur$bMusikkollegium Winterthur$c1929
=300  \\$avii-309-[65] pages
=490  \\$aMusikkollegium Winterthur, Festschrift zur Feier des dreihundertjährigen Bestehens 1929-1929$vErster Band
=590  \\$amit sechsundfünfzig Illustrationen
=648  \0$1http://www.wikidata.org/entity/Q7016$a17th Century (1601-1700)$920923
=648  \0$1http://www.wikidata.org/entity/Q7015$a18th Century (1701-1800)$920899
=648  \0$1http://www.wikidata.org/entity/Q6955$a19th Century (1801-1900)$920935
=650  \0$1http://www.wikidata.org/entity/Q846047$aMusic history$921373
=650  \0$1http://www.wikidata.org/entity/Q182832$aConcert$921044
=650  \0$aCollegium musicum$1http://www.wikidata.org/entity/Q117540$922461
=651  \0$1http://www.wikidata.org/entity/Q9125$aWinterthur (Switzerland)$926142
=942  \\$cBOO
=952  \\$00$10$2ddc$40$6TOP_CH_WIN_5_000000000000000$70$8TOP$97271$aORPH$bORPH$cKTS0$d2020-07-08$eKoopman$i37C05$l0$oTOP CH.WIN 5$p20120585$r2021-01-12 00:00:00$w2021-01-12$yBOO$OKoopman
=999  \\$d7272

