=LDR  00894aam a2200193   4500
=001  7274
=005  20251029110923.0
=008  251029b\\\\\\\\||||||||\c|||\00|\0\dut\d
=041  \\$adut
=100  \\$aFeith, P. R.$910828
=245  \\$aCatalogus van de bibliotheek der Familie-Vereniging Feith, aslmede een bibliographie van de nog niet in deze Bibliotheek voorkomende werken der Leden van de Familie Feith
=260  \\$as.l.$bs.n.$c1950
=590  \\$aOpgemaakt per 15 Mei 1950
=610  \0$aFeith family$1http://www.wikidata.org/entity/Q26736563$941694
=650  \0$aLibrary$1http://www.wikidata.org/entity/Q7075$94229
=650  \0$aCatalogue$1http://www.wikidata.org/entity/Q2352616$1http://www.wikidata.org/entity/Q6941730$921484
=942  \\$cBOO
=952  \\$00$10$2ddc$40$70$8BIB$97273$aORPH$bORPH$cKTS0$d2020-07-08$eKoopman$i44C12$l0$p20126659$r2021-01-12 00:00:00$w2021-01-12$yBOO$OKoopman
=999  \\$d7274

