=LDR  01831aam a2200337   4500
=001  7276
=008  250331s1973\\\\|||g||||\||||\001\0\ger\d
=020  \\$a3487044897
=100  \\$aFeldmann, Fritz$d1905-1984$1http://www.wikidata.org/entity/Q82344376$910830$4aut
=245  \\$aMusik und Musikpflege im mittelalterlichen Schlesien
=260  \\$c1938$aBreslau$bTrewendt & Granier
=260  \\$c1973$aHildesheim$bOlms
=300  \\$ax-210-[2]-31-[5] pages$bfolded pages
=490  \\$aDarstellungen und Quellen zur schlesischen Geschichte$v37. Band
=590  \\$aMit umfangreichen Notenbeilagen
=600  \0$aHollandrinus, Johannes$1http://www.wikidata.org/entity/Q21659815$939993
=648  \0$aMiddle Ages (500-1400)$1http://www.wikidata.org/entity/Q12554$920964
=648  \0$a15th Century (1401-1500)$1http://www.wikidata.org/entity/Q7018$921015
=650  \0$aMusic history$1http://www.wikidata.org/entity/Q846047$921373
=650  \0$aPlainchant$1http://www.wikidata.org/entity/Q2707688$921363
=650  \0$aVocal music$1http://www.wikidata.org/entity/Q685884$93319
=650  \0$aChurch music$1http://www.wikidata.org/entity/Q8812109$1http://www.wikidata.org/entity/Q1065742$92283
=650  \0$aOrgan music$1http://www.wikidata.org/entity/Q116958279$91951
=650  \0$aSong$1http://www.wikidata.org/entity/Q7366$94164
=650  \0$aSchool music$1http://www.wikidata.org/entity/Q1021290$93677
=650  \0$aPolyphony$1http://www.wikidata.org/entity/Q179465$926381
=650  \0$aMusic theory$1http://www.wikidata.org/entity/Q193544$92662
=651  \0$aSilesia$1http://www.wikidata.org/entity/Q81720$921055
=942  \\$cBOO
=952  \\$00$10$2ddc$40$6TOP_DE_SIL_3_000000000000000$70$8TOP$97275$aORPH$bORPH$cKTS0$d2020-07-08$eKoopman$i43E31$l0$oTOP DE.SIL 3$p20127127$r2021-01-12 00:00:00$w2021-01-12$yBOO$OKoopman
=999  \\$d7276

