=LDR  01137    a2200217   4500
=001  7277
=008  220506s1999\\\\||||||||\||||\00|\0\fre\d
=041  \\$afre
=245  \\$aLe livre des reçus des facteurs d'orgues liégeois Arnold et Arnold-Joseph Graindorge (1800-1864)
=260  \\$c1999$bGraindorge$aBrussels
=300  \\$a2 vols.
=648  \0$a19th Century (1801-1900)$1http://www.wikidata.org/entity/Q6955$920935
=650  \0$aOrgan$1http://www.wikidata.org/entity/Q1444$92810
=650  \0$aEconomy$1http://www.wikidata.org/entity/Q159810$921625
=651  \0$aLiège (Belgium)$1http://www.wikidata.org/entity/Q3992$9240
=700  \\$4edt$aFelix, Jean-Pierre$918133
=700  \\$4edt$aLemmens, Michel$912364
=942  \\$cBOO
=952  \\$00$10$2ddc$3Vol. 1: exégèse$40$6INS_3_000000000000000_1B_GRAI$70$8INS$97276$aORPH$bORPH$cKTS0$d2020-07-08$eKoopman$i34D02_01$oINS3.1b GRAI$p20120871$r2021-01-12 00:00:00$w2021-01-12$yBOO
=952  \\$00$10$2ddc$3Vol. 2: facsimile$40$6INS_3_000000000000000_1B_GRAI$70$8INS$97277$aORPH$bORPH$cKTS0$d2020-07-08$eKoopman$i34D02_02$oINS3.1b GRAI$p20120870$r2021-01-12 00:00:00$w2021-01-12$yBOO
=999  \\$d7277

