=LDR  01078aam a2200241   4500
=001  7281
=005  20250926134855.0
=008  230704s1984\\\\|||acgh|\||||\00|\0bger\d
=100  \\$aFelix, Werner$910832$4aut
=245  \\$aJohann Sebastian Bach
=260  \\$aLeipzig$bDeutscher Verlag für Musik$c1984
=300  \\$a192 pages
=504  \\$aIncludes an index
=600  \0$1http://www.wikidata.org/entity/Q1339$aBach, Johann Sebastian$d1685-1750$94766
=610  \0$1http://www.wikidata.org/entity/Q169509$aBach family$922324
=648  \0$1http://www.wikidata.org/entity/Q7016$a17th Century (1601-1700)$920923
=648  \0$1http://www.wikidata.org/entity/Q7015$a18th Century (1701-1800)$920899
=650  \0$1http://www.wikidata.org/entity/Q36834$aComposer$93625
=650  \0$1http://www.wikidata.org/entity/Q36279$aBiography$91927
=651  \0$1http://www.wikidata.org/entity/Q183$aGermany$9155
=942  \\$cBOO
=952  \\$00$10$2ddc$40$6BIO_BACH1_D$70$8BIO$97280$aORPH$bORPH$cKTS1_P$d2020-07-08$eKoopman$i32B09$oBIO BACH1 d$p20122958$r2021-01-12 00:00:00$w2021-01-12$yBOO
=999  \\$d7281

