=LDR  05996aam a2200433   4500
=001  7282
=005  20250926134855.0
=008  230317s1977\\\\||||||||\||||\10|\0dger\d
=041  \\$ager
=245  \\$aKolloquium. Johann Sebastian Bach und das Zeitalter der Aufklärung.$bBericht über die wissenschaftliche Konferenz zum III. Internationalen Bach-Fest der DDR
=260  \\$aLeipzig$bVEB Deutscher Verlag für Musik$c1977
=505  \\$gJohann Sebastian Bach - Historizität und Aktualität. Zur Entwicklung des Bachbildes in der DDR / W. Felix (21) -- Zur Wort-Ton-Problematik bei Bach / W. Siegmund-Schultze (61) -- Zur Kantate "Ich habe Lust zu scheiden", BWV.Anh.157 / T. Maciejewski (69) -- "... da man nun die besten nicht bekommen könne..." (Kontroversen und Kompromisse von Bachs Leipziger Amtsantritt) / H. J. Schulze (71) -- Bachs Handexemplar der Goldberg-Variationen - eine neue Quelle  / C. Wolff (79) -- Über Bachs Umgang mit Gottscheds Versen / A. Schneiderheinze (91) -- Die Fugenthematik bei Johann Sebastian Bach vor dem Hintergrund der zeitgenössischen Aufklärungsästhetik / M. Wehnert (99) -- Zu den Choralkantaten Johann Sebastian Bachs / R. Szeskus (111) -- Überlegungen zu Struktur und Funktion des Bachschen Satzes anhand des ersten Leipziger Kantatenjahrgangs / H. Grüß (121) -- Vom ästhetischen Aspekt des Bachschen Schaffens / P. Soinne (129) -- Über Bachs Formdenken / H. Eppstein (137) -- Die temperierte Stimmung, Bachs Klangideal der Orgel und die Entwicklungstendenzen der Zeit / E. Zavarsky (141) -- Ansätze einer regulierten Harmonik in Bachs Frühschaffen / J. Maegaard (147) -- Zum Naturbegriff bei Bach - Aspekte des Scheibe-Birnbaum-Disputs / J. Mainka (155) -- Bemerkungen zu Bachs Leipziger Kantatenaufführungen / A. Dürr (165) -- Gegensätzliche Tendenzen in musikästhetischen Anschauungen im Zeitalter der Aufklärung / P. Polík (173) -- Johannes-Passion: "Es ist vollbracht"- Zu Bachs obligatem Begleitverfahren / H. Goldschmidt (181) -- Bachs Inventionen und Sinfonien- ésthetisch-stilistische Beiträge / S. Toduta & H. P. Türk (189) -- Weltliche Festmusiken Johann Sebastian Bachs und Georg Philipp Telemanns / H. R. Jung (205) -- Die Familien Bach und Benda / Z. Pilkovt (215) -- Johann Sebastian Bachs Verhältnis zur Oper seiner Zeit / K. H. Viertel (223) -- Johann Sebastian Bach und Johann Kaspar Ferdinand Fischer / I. Sumikura (233) -- Das Vokalschaffen Antonio Vivaldis - der unbeachte Forschungsbereich / P. Ryom (239) -- Wissenschaftliche contra idealistische Hypothesen zur Kunst der Fuge / H. G. Hoke (245) -- (Neue) Forschungsergebnisse zur Kunst der Fuge / W. Kolneder (253) -- Zur Interpretation der Sinfonien für Cembalo von Johann Sebastian Bach / H. Pischner (261) -- Bachs Verhältnis zur Aufklärung und die Interpretation seiner Klavierwerke / E. Rebling (269) -- Zur Wiedererweckung des Bachschen Werkes / K. H. Köhler (275) -- Die Bedeutung der Konzertform Bachs für die Geschichte des Solokonzerts / L. Hoffmann-Erbrecht (281) -- Die Anfänge der Bach-Forschung in England / P. M. Young (287) -- Johann Sebastian Bach und Bedrich Smetana (Zur Genesis und Semantik von Smetanas polyphonem Denken und zu seinen polyphonen Formen) / J. Vyslouzil (293) -- Bach und Bartók / J. Breuer (307) -- Zu einigen Aspekten der Bach-Rezeption im sozialistischen Musikschaffen / G. Rienäcker (315) -- Genügen Faksimile-Drucke und Urtext-Ausgaben zur fehlerfreien Darstellung der kompositorisch-musikalischen Intentionen Johann Sebastian Bachs? / O. Goldhammer (327) -- Viola pomposa und Violoncello piccolo bei Johann Sebastian Bach / W. Schrammek (345) -- Die wichtigsten Stimmungsarten der Bach-Zeit, ihre praktische Durchführung und ihr musikalischer Wert- aus der Sicht des Musikinstrumenten-Restaurators / K. Gernhardt (355) -- Der Cembalobau der Bach-Zeit im sächsisch-thüringischen und im Berliner Raum / H. Henkel (361) -- Zur Interpretation von Bach-Werken für Streichinstrumente in unserer Zeit- Erfahrungen der sowjetischen Interpretationsschule / L. S. Ginsburg (375) -- Schlußwort / E. H. Meyer (382)
=600  \0$aBach, Johann Sebastian$d1685-1750$1http://www.wikidata.org/entity/Q1339$94766
=600  \0$aTelemann, Georg Philipp$d1681-1767$1http://www.wikidata.org/entity/Q75854$99287
=600  \0$aScheibe, Johann Adolph$d1708-1776$1http://www.wikidata.org/entity/Q213705$98967
=600  10$aBirnbaum, Johann Abraham$d1702-1748$1http://www.wikidata.org/entity/Q60845257$97291
=610  \0$aBach family$1http://www.wikidata.org/entity/Q169509$922324
=610  \0$aBenda family$1http://www.wikidata.org/entity/Q18410652$924984
=648  \0$a18th Century (1701-1800)$1http://www.wikidata.org/entity/Q7015$920899
=650  \0$aComposer$1http://www.wikidata.org/entity/Q36834$93625
=650  \0$aLegacy$1http://www.wikidata.org/entity/Q623282$922131
=650  \0$aEnlightenment$1http://www.wikidata.org/entity/Q12539$94532
=650  \0$aCantata$1http://www.wikidata.org/entity/Q174873$921603
=650  \0$aTemperament$1http://www.wikidata.org/entity/Q55073971$921656
=650  \0$aPerformance$926223
=650  \0$aViolin$1http://www.wikidata.org/entity/Q8355$92783
=650  \0$aHarpsichord$1http://www.wikidata.org/entity/Q81982$92125
=650  \0$aConcerto$1http://www.wikidata.org/entity/Q9748$921817
=650  \0$aKunst der Fuge$1http://www.wikidata.org/entity/Q465878$923640
=650  \0$aViola pomposa$1http://www.wikidata.org/entity/Q595730$925886
=650  \0$aKeyboard music$1http://www.wikidata.org/entity/Q105715630$921412
=650  \0$aOpera$1http://www.wikidata.org/entity/Q1344$92468
=651  \0$aGermany$1http://www.wikidata.org/entity/Q183$9155
=700  \\$4edt$aFelix, Werner$910832
=700  \\$4edt$925884$aHoffmann, W.
=700  \\$4edt$925885$aSchneiderheinze, A.
=942  \\$cBOO
=952  \\$00$10$2ddc$40$6BIO_BACH1_E$70$8BIO$97281$aORPH$bORPH$cKTS1_P$d2020-07-08$eKoopman$i33A19$oBIO BACH1 e$p20123039$r2021-01-12 00:00:00$w2021-01-12$yBOO
=999  \\$d7282

