=LDR  01048cam a2200217 a 4500
=001  7283
=005  20250120120012.0
=008  830319s1982\\\\gw\ag\\\\b\\\\001\0\ger\\
=020  \\$a3873205661
=040  \\$aOI
=100  \\$aFellerer, Karl Gustav$d1902-1984$1http://www.wikidata.org/entity/Q102481$910833
=245  10$aPalestrina-Studien /$cKarl Gustav Fellerer.
=260  \\$aBaden-Baden :$bV. Koerner,$c1982.
=300  \\$a385 p. :$bill., music ;$c24 cm.
=490  1\$aCollection d'études musicologiques,$x0085-588X =$aSammlung musikwissenschaftlicher Abhandlungen ;$vBd. 66
=504  \\$aIncludes bibliographical references and indexes.
=600  \0$aPalestrina, Giovanni Pierluigi da$dc. 1525-1594$1http://www.wikidata.org/entity/Q179277$910834
=830  \0$9519$aSammlung musikwissenschaftlicher Abhandlungen (Valentin Koerner GmbH) ;$vBd. 66.
=942  \\$cBOO
=952  \\$00$10$2ddc$40$6BIO_PALE_F$70$8BIO$97282$aORPH$bORPH$cKTS1_P$d2020-07-08$eKoopman$i46D23$l0$oBIO PALE f$p20127684$r2021-01-12 00:00:00$w2021-01-12$yBOO$OKoopman
=999  \\$c7283$d7283

