=LDR  01091cam a2200253 a 4500
=001  7285
=005  20250205110319.0
=008  860212s1985\\\\gw\\\\\\\b\\\\001\0dger\\
=020  \\$a3890070205
=040  \\$aOI
=041  \\$ager
=100  \\$aFellerer, Karl Gustav$d1902-1984$1http://www.wikidata.org/entity/Q102481$4aut$910833
=245  14$aDie Kirchenmusik W. A. Mozarts
=260  \\$aLaaber$bLaaber-Verlag$c1985
=300  \\$a239 pages$c24 cm
=504  \\$aBibliography: p. [207]-227.
=600  \0$aMozart, Wolfgang Amadeus$d1756-1791$1http://www.wikidata.org/entity/Q254$95341
=648  \0$a18th Century (1701-1800)$1http://www.wikidata.org/entity/Q7015$920899
=650  \0$aChurch music$1http://www.wikidata.org/entity/Q8812109$92283
=651  \0$aSalzburg (Austria)$1http://www.wikidata.org/entity/Q34713$921433
=651  \0$aVienna (Austria)$1http://www.wikidata.org/entity/Q1741$920937
=942  \\$cBOO
=952  \\$00$10$2ddc$40$6BIO_MOZA1_E$70$8BIO$97284$aORPH$bORPH$cKTS1_P$d2020-07-08$eKoopman$i22C11$oBIO MOZA1 e$p20125655$r2021-01-12 00:00:00$w2021-01-12$yBOO$OKoopman
=999  \\$d7285

