=LDR  00813    a2200181   4500
=001  7286
=008  220215s1932\\\\fr\\||||\||||\00|\0\ger\d
=041  \\$ager
=100  \\$aFellerer, Karl Gustav$d1902-1984$4aut$1http://www.wikidata.org/entity/Q102481$910833
=245  \\$aBeiträge zur Choralbegleitung und Choralverarbeitung.$bIn der Orgelmusik des Ausgehenden 18. und beginnenden 19. Jahrh.
=260  \\$c1931$aLeipzig$aStrasbourg$bHeitz
=300  \\$a131 pages
=336  \\$aprinted
=650  \0$aOrgan$1http://www.wikidata.org/entity/Q1444$92810
=650  \0$aOrgan music$1http://www.wikidata.org/entity/Q2003283$91951
=942  \\$cBOO
=952  \\$00$10$2ddc$40$6INS_3_000000000000000_1A_DE$70$8INS$97285$aORPH$bORPH$cKTS0$d2020-07-08$eKoopman$i25D15$oINS3.1a DE$p20129271$r2021-01-12 00:00:00$w2021-01-12$yBOO
=999  \\$d7286

