=LDR  01143aam a2200229   4500
=001  7289
=008  250623r19671948|||g||||\||||\001\0deng\d
=100  \\$aFellowes, Edmund Horace$d1870-1951$1http://www.wikidata.org/entity/Q3719471$910837$4aut
=245  \\$aThe English Madrigal Composers
=250  \\$a2nd Ed.
=260  \\$c1967$aLondon$bOxford University Press
=300  \\$a364 pages
=500  \\$aReprint of the second edition of 1948. First edition 1921.
=648  \0$a16th Century (1501-1600)$1http://www.wikidata.org/entity/Q7017$920944
=648  \0$a17th Century (1601-1700)$1http://www.wikidata.org/entity/Q7016$920923
=650  \0$aMadrigal$1http://www.wikidata.org/entity/Q193217$921649
=650  \0$aComposer$1http://www.wikidata.org/entity/Q36834$93625
=650  \0$aEnglish$1http://www.wikidata.org/entity/Q1860$92138
=651  \0$aUnited Kingdom$1http://www.wikidata.org/entity/Q21$1http://www.wikidata.org/entity/Q145$9273
=942  \\$cBOO
=952  \\$00$10$2ddc$40$6TOP_GB_4_000000000000000$70$8TOP$97288$aORPH$bORPH$cKTS0$d2020-07-08$eKoopman$i19D25$l0$oTOP GB 4$p20127843$r2021-01-12 00:00:00$w2021-01-12$yBOO$OKoopman
=999  \\$d7289

