=LDR  00388    a2200109   4500
=001  7290
=100  \\$aFellowes, Edmund Horace$d1870-1951$910837
=245  \\$aOrlando Gibbons and his family
=260  \\$c1951
=942  \\$cBOO
=952  \\$00$10$2ddc$40$6BIO_GIBB_E$70$8BIO$97289$aORPH$bORPH$cKTS1_P$d2020-07-08$eKoopman$i32E10$oBIO GIBB e$p20122858$r2021-01-12 00:00:00$w2021-01-12$yBOO$OKoopman
=999  \\$c7290$d7290

