=LDR  01057aam a2200217   4500
=001  7294
=005  20250926134855.0
=008  250922s1972\\\\||||||||\||||\00|\0\ger\d
=041  \\$ager
=100  \\$aFenner, J.$910841$4aut
=245  \\$a Aussagemöglichkeiten barocker Musik untersucht und dargestellt an verschiedenen Orgelwerken Johann Sebastian Bachs und am sogenannten Bachpokal
=260  \\$aKassel$bJenner$c1972
=600  \0$aBach, Johann Sebastian$d1685-1750$1http://www.wikidata.org/entity/Q1339$94766
=648  \0$a18th Century (1701-1800)$1http://www.wikidata.org/entity/Q7015$920899
=650  \0$aHistorically informed performance$1http://www.wikidata.org/entity/Q1344860$920980
=650  \0$aOrgan music$1http://www.wikidata.org/entity/Q116958279$91951
=651  \0$aGermany$1http://www.wikidata.org/entity/Q183$9155
=700  \\$aBlankenburg, Walter$4win$99648
=942  \\$cBOO
=952  \\$00$10$2ddc$40$6BIO_BACH1_E$70$8BIO$97293$aORPH$bORPH$cKTS1_P$d2020-07-08$eKoopman$i32G26$oBIO BACH1 e$p20122799$r2021-01-12 00:00:00$w2021-01-12$yBOO
=999  \\$d7294

