=LDR  01408cam a2200265 a 4500
=001  7298
=005  20250120115736.0
=020  \\$a8881188538
=041  \\$aita
=043  \\$ae------
=100  \\$4cur$aFerino-Pagden, Sylvia$922287
=245  00$aDipingere la musica:$bStrumenti in posa nell'arte del Cinque e Seicento
=260  \\$aMilan$bSkira$c2000
=300  \\$a273 pages
=500  \\$aCatalog of an exhibition held in Santa Maria della Pietà, Cremona, Italy, Dec. 12, 2000-Mar. 18, 2001, and in Kunsthistorisches Museum, Palais Harrach, Vienna, Austria, April 4-July 1, 2001.
=500  \\$aAt head of title: APIC, Associazione promozione iniziative culturali di Cremona; Provincia di Cremona, Comune di Cremona, Camera di commercio di Cremona; Comune di Crema, Comune di Casalmaggiore, Azienda di promozione, Turistica del Cremonese.
=504  \\$aIncludes bibliographical references (p. 263-273).
=648  \0$a16th Century (1501-1600)$1http://www.wikidata.org/entity/Q7017$920944
=650  \0$aOrganology$1http://www.wikidata.org/entity/Q899293$921400
=650  \0$aIconography$1http://www.wikidata.org/entity/Q208145$921259
=651  \0$aItaly$1http://www.wikidata.org/entity/Q38$922
=700  \\$aMarques, Luiz$4ctb$922288
=942  \\$cBOO
=952  \\$00$10$2ddc$40$6INS_1A$70$8INS$97297$aORPH$bORPH$cKTS0$d2020-07-08$eKoopman$i29F10$oINS1a$p20121272$r2021-01-12 00:00:00$w2021-01-12$yBOO
=999  \\$d7298

