=LDR  01126    a2200253   4500
=001  7299
=008  210609s1974\\\\\\\|||||\||||\00|\fddut\d
=020  \\$a9022973662
=041  \\$adut$hfre
=100  \\$aFernandez, Dominique$d1929-2007$4aut$1http://www.wikidata.org/entity/Q442505$910845
=245  \\$aPorporino of De mysteries van Napels
=260  \\$aUtrecht$bBruna$c1974
=534  \\$aOriginally published by Grasset, 1974
=648  \0$a18th Century (1701-1800)$1http://www.wikidata.org/entity/Q7015$920899
=650  \0$aNovel$1http://www.wikidata.org/entity/Q8261$921629
=650  \0$aBiography$1http://www.wikidata.org/entity/Q36279$91927
=650  \0$aOpera$1http://www.wikidata.org/entity/Q1344$92468
=650  \0$aSinger$1http://www.wikidata.org/entity/Q177220$93915
=651  \0$aNaples (Italy)$1http://www.wikidata.org/entity/Q2634$921
=700  \\$4trl$aTuin, J.$921683
=765  \\$aPorporino ou Les Mystères de Naples
=942  \\$cBOO
=952  \\$00$10$2ddc$40$6LIT_FERN_A$70$8LIT$97298$aORPH$bORPH$cKM12_2_H$d2020-07-08$eKoopman$i24C72$oLIT FERN a$p20128977$r2021-01-12 00:00:00$w2021-01-12$yBOO
=999  \\$c7299$d7299

