=LDR  00357    a2200109   4500
=001  7300
=100  \\$aFernström, J.$910846
=245  \\$aDietrich Orgemester
=260  \\$c1937
=942  \\$cBOO
=952  \\$00$10$2ddc$40$6BIO_BUXT_D$70$8BIO$97299$aORPH$bORPH$cKTS1_P$d2020-07-08$eKoopman$i32G21$oBIO BUXT d$p20122804$r2021-01-12 00:00:00$w2021-01-12$yBOO$OKoopman
=999  \\$c7300$d7300

