=LDR  00349    a2200109   4500
=001  7302
=100  \\$aFerrara, G.$910848
=245  \\$aJohann Sebastian Bach
=260  \\$c2000
=942  \\$cBOO
=952  \\$00$10$2ddc$40$6BIO_BACH1_D$70$8BIO$97301$aORPH$bORPH$cKTS1_P$d2020-07-08$eKoopman$i24F38$oBIO BACH1 d$p20125848$r2021-01-12 00:00:00$w2021-01-12$yBOO
=999  \\$c7302$d7302

