=LDR  00808    a2200205   4500
=001  7303
=008  220207s1981\\\\be\f||||\||||\00|\0\fre\d
=041  \\$afre
=100  \\$aFerrard, Jean$4aut$910849
=245  \\$aOrgues du Brabant Wallon.$bInventaire critique
=260  \\$c1981$aBrussels$bSIC
=300  \\$a418 pages
=336  \\$aprinted
=650  \0$aOrgan$1http://www.wikidata.org/entity/Q1444$92810
=650  \0$aOrgan music$1http://www.wikidata.org/entity/Q2003283$91951
=650  \0$aOrganology$1http://www.wikidata.org/entity/Q899293$921400
=651  \0$aBelgium$1http://www.wikidata.org/entity/Q31$920881
=942  \\$cBOO
=952  \\$00$10$2ddc$40$6INS_3_000000000000000_1A_BE$70$8INS$97302$aORPH$bORPH$cKTS0$d2020-07-08$eKoopman$i24A40$oINS3.1a BE$p20128690$r2021-01-12 00:00:00$w2021-01-12$yBOO
=999  \\$d7303

