=LDR  00956    a2200229   4500
=001  7304
=005  20250925143257.0
=008  220201s1982\\\\be\af|||\||||\00|\0\fre\d
=041  \\$afre
=100  \\$aFerrard, Jean$4aut$910849
=245  \\$aOrgues de Belgique en cartes postales anciennes. Belgische orgels in oudee postkarten
=260  \\$c1982$aBrussels$bSic
=300  \\$a60 pages
=336  \\$aprinted
=648  \0$a20th Century (1901-2000)$1http://www.wikidata.org/entity/Q6927$920936
=650  \0$aOrgan$1http://www.wikidata.org/entity/Q1444$92810
=650  \0$aIconography$1http://www.wikidata.org/entity/Q208145$921259
=650  \0$aCuckoo$1http://www.wikidata.org/entity/Q18845$922474
=651  \0$aBelgium$1http://www.wikidata.org/entity/Q31$920881
=942  \\$cBOO
=952  \\$00$10$2ddc$40$6INS_3_000000000000000_1A_BE$70$8INS$97303$aORPH$bORPH$cKTS0$d2020-07-08$eKoopman$i24C29$oINS3.1a BE$p20129029$r2021-01-12 00:00:00$w2021-01-12$yBOO
=999  \\$d7304

