=LDR  01033aam a2200229   4500
=001  7305
=008  240508s1990\\\\||||||||\c|||\00|\0\ita\d
=020  \\$a8885147224
=041  \\$aita
=245  \\$aIl fondo musicale della Biblioteca Capitolare del duomo di Treviso
=260  \\$aRome$bEdizione Torre d'Orfeo$c1990
=490  \\$aCataloghi di fondi musicali Italiani$v12
=610  \0$aDuomo di Treviso (Italy)$1http://www.wikidata.org/entity/Q51149$927345
=650  \0$aChurch music$1http://www.wikidata.org/entity/Q8812109$92283
=650  \0$aCatholicism$1http://www.wikidata.org/entity/Q1841$921631
=650  \0$aLibrary$1http://www.wikidata.org/entity/Q7075$94229
=651  \0$aTreviso (Italy)$1http://www.wikidata.org/entity/Q5475$924410
=700  \\$aFerrarese, F.$4aut$910850
=700  \\$aGallo, Claudio$4aut$927344
=942  \\$cBOO
=952  \\$00$10$2ddc$40$6BIB_4_000000000000000_IT_TRE$70$8BIB$97304$aORPH$bORPH$cKTS0$d2020-07-08$eKoopman$i23E38$l0$oBIB4 IT.TRE$p20128928$r2021-01-12 00:00:00$w2021-01-12$yBOO$OKoopman
=999  \\$d7305

