=LDR  00977aam a2200229   4500
=001  7306
=008  210924t1979\\\\it\|||||\||||\00|\0\ita\d
=041  \\$aita
=100  \\$aFerrari Barassi, Elena$913714$4aut
=245  \\$aStrumenti musicali e testimonianze teoriche nel Medio Evo
=260  \\$aCremona$bFondazione Claudio Monteverdi$c1979
=300  \\$a98 pages
=490  \\$aInstituta et Monumenta Serie II$v8
=561  \\$aEx Libris Laura Dobbenga
=648  \0$aMiddle Ages (500-1400)$1http://www.wikidata.org/entity/Q12554$920964
=650  \0$aHistory$1http://www.wikidata.org/entity/Q309$921403
=650  \0$aMusic theory$1http://www.wikidata.org/entity/Q193544$92662
=650  \0$aOrganology$1http://www.wikidata.org/entity/Q899293$921400
=651  \0$aEurope$1http://www.wikidata.org/entity/Q46$991
=942  \\$cBOO
=952  \\$00$10$2ddc$40$6INS_1A$70$8INS$97305$aORPH$bORPH$cKTS0$d2020-07-08$eKoopman$i43F02$oINS1a$p20126479$r2021-01-12 00:00:00$w2021-01-12$yBOO
=999  \\$d7306

