=LDR  00901acm a2200217   4500
=001  7317
=005  20250901113608.0
=008  240613s2003\\\\|||||a||\||||\00|\0\eng\d
=041  \\$aeng
=059  \\$a3vn bc
=100  \\$aFesch, Willem de$d1687-1761$4cmp$1http://www.wikidata.org/entity/Q999550$95302
=245  \\$aConcerto in a minor$bà 4 stromenti (c. 1710)
=260  \\$aAmsterdam$bDonemus$c2003
=490  \\$aWillem de Fesch$v28
=648  \0$a18th Century (1701-1800)$1http://www.wikidata.org/entity/Q7015$920899
=650  \0$aConcerto$1http://www.wikidata.org/entity/Q9748$921817
=651  \0$aAmsterdam (Netherlands)$1http://www.wikidata.org/entity/Q727$9135
=700  \\$aTusler, R. L.$4edt$914491
=942  \\$cSCO
=952  \\$00$10$2ddc$40$6SCO_FESC$70$8SCO$97316$aORPH$bORPH$cKTS1_P$d2020-07-08$eKoopman$iWG.2647-28$l0$oSCO FESC$p20121888$r2021-01-12 00:00:00$w2021-01-12$ySCO$OW.2647-28
=999  \\$d7317

