=LDR  00895acm a2200205   4500
=001  7320
=008  231207s1982\\\\|||||l||\||||\00|\0\ger\d
=020  \\$a3795203341
=041  \\$ager
=100  1\$aGöllner, Marie Louise$1http://www.wikidata.org/entity/Q28505796$4aut$911196
=245  \\$aEine neue Quelle zur italienische Orgelmusik des Cinquecento
=260  \\$c1982$aTutzing$bSchneider
=300  \\$a165 pages$bfacsimile
=490  \\$aMünchner Editionen zur Musikgeschichte$v3
=648  \0$a16th Century (1501-1600)$1http://www.wikidata.org/entity/Q7017$920944
=650  \0$aOrgan music$1http://www.wikidata.org/entity/Q2003283$91951
=651  \0$aItaly$1http://www.wikidata.org/entity/Q38$922
=942  \\$cSCO
=952  \\$00$10$2ddc$40$6SCO_MISC_GOLL$70$8SCO$97319$aORPH$bORPH$cKTS1_H$d2020-07-08$eKoopman$i43C06$l0$oSCO MISC GOLL$p20127203$r2021-01-12 00:00:00$w2021-01-12$ySCO$OKoopman
=999  \\$d7320

