=LDR  02828acm a2200433   4500
=001  7321
=020  \\$a014070843X
=041  \\$aeng$dita
=100  \\$aRoche, Jerome$4edt$916820
=245  \\$aThe Penguin Book of Italian Madrigals$bfor four voices
=260  \\$aMiddlesex$bPenguin$c1974
=648  \0$a16th Century (1501-1600)$1http://www.wikidata.org/entity/Q7017$920944
=650  \0$aMadrigal$1http://www.wikidata.org/entity/Q193217$921649
=651  \0$aItaly$1http://www.wikidata.org/entity/Q38$922
=700  \\$4cmp$aFesta, Sebastiano$d?-1524$1http://www.wikidata.org/entity/Q7442579$910856
=700  \\$4cmp$aVerdelot, Philippe$d1470-1552$1http://www.wikidata.org/entity/Q714219$915239
=700  \\$4cmp$aFesta, Costanzo$d1490-1545$1http://www.wikidata.org/entity/Q937584$97260
=700  \\$4cmp$aArcadelt, Jacob$dc. 1505-1568$1http://www.wikidata.org/entity/Q316402$923539
=700  \\$4cmp$aCorteccia, Francesco$d1502-1571$1http://www.wikidata.org/entity/Q1230392$924727
=700  \\$4cmp$aRore, Cipriano de$d1515/16-1565$1http://www.wikidata.org/entity/Q316074$918024
=700  1\$4cmp$aWillaert, Adriaan$d1490?-1562$920990
=700  \\$4cmp$aCambio, Perissone$dfl. 16th century$1http://www.wikidata.org/entity/Q6301259$924728
=700  \\$4cmp$aRuffo, Vincenzo$d1749-1794$1http://www.wikidata.org/entity/Q1494084$924729
=700  \\$4cmp$aDonato, Baldassare$d1525-1603$1http://www.wikidata.org/entity/Q804795$924730
=700  \\$4cmp$aTaglia, Pietro$dc. 1500-c. 1550$1http://www.wikidata.org/entity/Q7193041$924731
=700  \\$4cmp$aMonte, Philippe de$d1521-1603$1http://www.wikidata.org/entity/Q277029$96645
=700  \\$4cmp$aNola, Giovanni Domenico da$d1510-1592$1http://www.wikidata.org/entity/Q2395209$924732
=700  \\$4cmp$aPalestrina, Giovanni Pierluigi da$dc. 1525-1594$1http://www.wikidata.org/entity/Q179277$910834
=700  \\$4cmp$aWert, Giaches de$d1535-1596$1http://www.wikidata.org/entity/Q591939$915457
=700  \\$4cmp$aCaimo, Giuseppe$d1545-1584$1http://www.wikidata.org/entity/Q3770195$924733
=700  \\$4cmp$aLassus, Orlandus$d1530/32-1594$1http://www.wikidata.org/entity/Q154792$96856
=700  \\$4cmp$aMasnelli, Paolo$d1551-1613$1http://www.wikidata.org/entity/Q110269720$924734
=700  \\$4cmp$aMarenzio, Luca$d1553-1599$1http://www.wikidata.org/entity/Q316532$921689
=700  \\$4cmp$aGabrieli, Andrea$dc. 1533-1585$1http://www.wikidata.org/entity/Q217317$922899
=700  \\$4cmp$aVecchi, Orazio$d1550-1605$1http://www.wikidata.org/entity/Q84146$911641
=700  \\$4cmp$aGiovannelli, Ruggiero$dc. 1560-1625$1http://www.wikidata.org/entity/Q1369480$924735
=942  \\$cSCO
=952  \\$00$10$2ddc$40$6SCO_S_ROCH$70$8SCO$97320$aORPH$bORPH$cKTS1_H$d2020-07-08$eKoopman$i32G34$l0$oSCO S ROCH$p20122790$r2021-01-12 00:00:00$w2021-01-12$ySCO$OKoopman
=999  \\$d7321

