=LDR  01062aam a2200229   4500
=001  7323
=005  20250926134855.0
=008  240703b\\\\\\\\||||||||\||||\00|\0\###\d
=041  \\$ager
=100  \\$aFicker, Rudolf von$cRitter$d1886-1954$4aut$910858
=245  \\$aJohann Sebastian Bach, Erbe und Besinnung
=260  \\$c1950$aMunchen$bOldenbourg
=300  \\$a20 pages
=490  \\$aMunchener Hochschulschriften$v10
=500  \\$aSpeech Delivered on the Occasion of the 478th Foundation Day of the Ludwig-Maximilians-Universität Zu München (Ingolstadt) on 1 July 1950
=600  \0$aBach, Johann Sebastian$d1685-1750$1http://www.wikidata.org/entity/Q1339$94766
=650  \0$aComposer$1http://www.wikidata.org/entity/Q36834$93625
=650  \0$aMusic history$1http://www.wikidata.org/entity/Q846047$921373
=650  \0$aLegacy$1http://www.wikidata.org/entity/Q623282$922131
=942  \\$cBOO
=952  \\$00$10$40$6BIO_BACH1_E$70$8BIO$97322$aORPH$bORPH$cKTS1_P$d2020-07-08$eKoopman$i47D07$oBIO BACH1 e$p20123706$r2021-01-12 00:00:00$w2021-01-12$yBOO$OKoopman
=999  \\$d7323

