=LDR  01831nam a2200337 a 4500
=001  7324
=005  20251003085457.0
=008  041215s2004\\\\gw\\\\\|r\\\\|000\||ger|d
=020  \\$a3769601203
=040  \\$aOI
=041  \\$ager
=100  \\$aFickler, Johann Baptist$d1533-1610$1http://www.wikidata.org/entity/Q1425773$4aut$915187
=245  14$aDas Inventar der Münchner herzoglichen Kunstkammer von 1598.$bEditionsband: Transkription der Inventarhandschrift cgm 2133
=260  \\$aMunich$bBayerische Akademie der Wissenschaften$c2004
=300  \\$a319 pages, [38] pages of plates$billustrations$c30 cm
=490  0\$aBayerische Akademie der Wissenschaften. Philosophisch-historische Klasse. Abhandlungen. Neue Folge$v125
=600  \0$aAlbert V$cDuke of Bavaria$d1528-1579$1http://www.wikidata.org/entity/Q60907$915188
=600  \0$aQuiccheberg, Samuel$d1529-1567$1http://www.wikidata.org/entity/Q2218786$923060
=610  \0$aHouse of Wittelsbach$1http://www.wikidata.org/entity/Q131621$923667
=610  \0$aBayerische Staatsbibliothek (Munich, Germany)$1http://www.wikidata.org/entity/Q256507$91333
=648  \0$a16th Century (1501-1600)$1http://www.wikidata.org/entity/Q7017$920944
=650  \0$aMuseum$1http://www.wikidata.org/entity/Q33506$93137
=650  \0$aCollecting$1http://www.wikidata.org/entity/Q208165$92117
=650  \0$aCatalogue$1http://www.wikidata.org/entity/Q2352616$921484
=651  \0$aMunich (Germany)$1http://www.wikidata.org/entity/Q1726$9268
=700  \\$aDiemer, Peter$d1945-$4edt$915189
=700  \\$aBujok, Elke$4edt$915190
=700  \\$aDiemer, Dorothea$4edt$915191
=942  \\$cBOO
=952  \\$00$10$2ddc$40$6TOP_DE_MUN1_4_000000000000000$70$8TOP$912823$aORPH$bORPH$cKTS0$d2020-07-08$eKoopman$i46G30$l1$oTOP DE.MUN1 4$p20126977$r2024-02-15 00:00:00$s2024-01-10$w2021-01-12$yBOO
=999  \\$d7324

