=LDR  01486pam a2200289 a 4500
=001  7331
=005  20250715140108.0
=008  951215s1996\\\\enkacfg\\b\\\\001\0beng\\
=020  \\$a0198164610
=040  \\$aOI
=041  \\$aeng
=245  00$aJohn Jenkins and His Time:$bStudies in English Consort Music
=260  \\$aOxford$bClarendon$aNew York$bOxford University Press$c1996
=300  \\$axxiii-421 pages$billustrations, portraits, plates, music, facsimiles, general table$c25 cm
=504  \\$aIncludes bibliographical references (p. [386]-406) and index.
=505  \\$gField, C.; Hulse, L.; Pinto, D.; Bellingham, B.; Kramme, J.; Hanley, J.; Smith, K.; Wainwright, J.; Ashbee, A.; Thompson, R.; Spring, M.; Traficante, F.; Holman, P.
=600  \0$aJenkins, John$d1592-1678$1http://www.wikidata.org/entity/Q1509098$925406
=648  \0$a17th Century (1601-1700)$1http://www.wikidata.org/entity/Q7016$920923
=650  \0$aComposer$1http://www.wikidata.org/entity/Q36834$93625
=650  \0$aChamber music$1http://www.wikidata.org/entity/Q189201$92105
=650  \0$aMusic history$1http://www.wikidata.org/entity/Q846047$921373
=651  \0$aUnited Kingdom$1http://www.wikidata.org/entity/Q21$9273
=700  \\$aAshbee, Andrew$4edt$99183
=700  \\$aHolman, Peter$d1946-$4edt$911649
=942  \\$cBOO
=952  \\$00$10$2ddc$40$6BIO_JENK_E$70$8BIO$97330$aORPH$bORPH$cKTS1_P$d2020-07-08$eKoopman$i33D31$l0$oBIO JENK e$p20122718$r2021-01-12 00:00:00$w2021-01-12$yBOO$OKoopman
=999  \\$d7331

