=LDR  01172cam a2200241 a 4500
=001  7333
=005  20250120120012.0
=008  861029s1986\\\\gw\acg\\\b\\\\011\0\ger\\
=020  \\$a3890071058
=040  \\$aOI
=041  0\$agereng
=245  00$aClaudio Monteverdi :$bFestschrift Reinhold Hammerstein zum 70. Geburtstag /$cim Auftrag des Musikwissenschaftlichen Seminars der Universität Heidelberg herausgegeben von Ludwig Finscher.
=260  \\$aLaaber :$bLaaber-Verlag$cc1986.
=300  \\$a508 p. :$bill., ports., music ;$c25 cm.
=504  \\$aIncludes bibliographical references and indexes.
=600  \0$aMonteverdi, Claudio$d1567-1643$1http://www.wikidata.org/entity/Q53068$910794
=600  \0$aHammerstein, Reinhold$910863
=700  \\$aHammerstein, Reinhold$910863
=700  \\$aFinscher, Ludwig$d1930-2020$1http://www.wikidata.org/entity/Q88586$918734
=710  \\$aRuprecht-Karls-Universität Heidelberg (Germany)$1http://www.wikidata.org/entity/Q151510$91311
=942  \\$cBOO
=952  \\$00$10$2ddc$40$6BIO_MONT2_E$70$8BIO$97332$aORPH$bORPH$cKTS1_P$d2020-07-08$eKoopman$i22E24$oBIO MONT2 e$p20128888$r2021-01-12 00:00:00$w2021-01-12$yBOO$OKoopman
=999  \\$c7333$d7333

