=LDR  00845cam a2200205 a 4500
=001  7336
=005  20250120120257.0
=008  000315s2000\\\\gw\a\\\\\b\\\\001\0dger\\
=020  \\$a3921518946
=040  \\$aOI
=100  \\$aFinscher, Ludwig$d1930-2020$1http://www.wikidata.org/entity/Q88586$918734
=245  10$aJoseph Haydn und seine Zeit /$cLudwig Finscher.
=260  \\$aLaaber :$bLaaber-Verlag$cc2000.
=300  \\$a558 p. :$bill. ;$c23 cm.
=504  \\$aIncludes bibliographical references (p. 536-540) and index.
=600  \0$aHaydn, Joseph$d1732-1809$1http://www.wikidata.org/entity/Q7349$94783
=942  \\$cBOO
=952  \\$00$10$2ddc$40$6BIO_HAYD1_D$70$8BIO$97335$aORPH$bORPH$cKTS1_P$d2020-07-08$eKoopman$i47F40$oBIO HAYD1 d$p20123811$r2021-01-12 00:00:00$w2021-01-12$yBOO$OKoopman
=999  \\$c7336$d7336
=490  \\$aGrosse Komponisten und ihre Zeit

