=LDR  01022cam a2200229 i 4500
=001  7337
=005  20250120120012.0
=008  790709s1978\\\\gw\ah\\\\b\\\\001\0\ger\\
=015  \\$aGFR***
=020  \\$a3920112695
=040  \\$aOI
=100  \\$aFischer, Hermann$d1928-2020$99804
=245  10$aGeorg Friedrich Steinmeyer (1819-1901) und sein Werk :$bein Beitrag zur Geschichte des bayerischen Orgelbaues im 19. Jahrhundert /$cHermann Fischer, Theodor Wohnhaas.
=260  \\$aFrankfurt/Main :$bVerlag Das Musikinstrument,$cc1978.
=300  \\$a373 p. :$bill., facsims., graphs ;$c22 cm.
=504  \\$aBibliography: p. 11-14.
=600  \0$aSteinmeyer, Georg Friedrich$d1819-1901$1http://www.wikidata.org/entity/Q81754096$910866
=700  \\$aWohnhaas, Theodor$914308
=942  \\$cBOO
=952  \\$00$10$2ddc$40$6BIO_STEI0_D$70$8BIO$97336$aORPH$bORPH$cKTS1_P$d2020-07-08$eKoopman$i33F42$oBIO STEI0 d$p20120876$r2021-01-12 00:00:00$w2021-01-12$yBOO$OKoopman
=999  \\$c7337$d7337
=490  \\$aBeiträge zum Orgelbau in Süddeutschland ;

