=LDR  01164    a2200253   4500
=001  7339
=005  20251103124736.0
=008  211029s1979\\\\be\gh|||\||||\00|\0\dut\d
=041  \\$adut
=100  \\$aFischer, Johann Philipp Albrecht$d1698-1778$4aut$1http://www.wikidata.org/entity/Q42279658$95242
=245  \\$aKorte en noodigste grond-regelen van de bassus-continuus
=300  \\$a120 pages
=336  \\$aprinted
=561  \\$aEx Libris Ton Koopman
=648  \0$a18th Century (1701-1800)$1http://www.wikidata.org/entity/Q7015$920899
=650  \0$aOrgan$1http://www.wikidata.org/entity/Q1444$92810
=650  \0$aHarpsichord$1http://www.wikidata.org/entity/Q81982$92125
=650  \0$aMusical interpretation$1http://www.wikidata.org/entity/Q1668139$94533
=650  \0$aBasso continuo$1http://www.wikidata.org/entity/Q724321$921065
=651  \0$aNetherlands$1http://www.wikidata.org/entity/Q55$9173
=700  \\$4ctb$aHess, Joachim$d1732-1819$1http://www.wikidata.org/entity/Q63163196$95260
=942  \\$cBOO
=952  \\$00$10$2ddc$40$6INS_3C$70$8INS$97337$aORPH$bORPH$cKTS0$d2020-07-08$eKoopman$i21C11$oINS3c$p20128228$r2021-01-12 00:00:00$w2021-01-12$yBOO
=999  \\$d7339

