=LDR  00954aam a2200205   4500
=001  7340
=008  250122s1913\\\\|||a||||\||||\00|\0\fre\d
=041  \\$afre
=100  \\$aFischer, L. de$910870
=245  \\$aLes marques de bibliothèque de la maison de Fischer-Reichenbach
=260  \\$c1913$aParis$bLeclerc
=300  \\$a48 pages + plates
=490  \\$aBulletin du Bibliophile
=590  \\$aExtrait du Bulletin du Bibliophile, janvier et février 1913, avec quelques additions et reproductions de pièces nouvellement retrouvées.
=650  \0$aBookplate$1http://www.wikidata.org/entity/Q188456$926750
=650  \0$aLibrary$1http://www.wikidata.org/entity/Q7075$94229
=651  \0$aBern (Switzerland)$1http://www.wikidata.org/entity/Q70$921795
=942  \\$cBOO
=952  \\$00$10$2ddc$40$6BIB_4_000000000000000_CH_BER$70$8BIB$97338$aORPH$bORPH$cKTS0$d2020-07-08$eKoopman$i45F05$l0$oBIB4 CH.BER$p20127521$r2021-01-12 00:00:00$w2021-01-12$yBOO$OKoopman
=999  \\$d7340

