=LDR  00874aam a2200193   4500
=001  7341
=005  20250926134607.0
=008  230707s1929\\\\|||g||||\||||\00|\0\ger\d
=041  \\$ager
=100  \\$aFischer, M.$910871$4aut
=245  \\$aDie organistische improvisation im 17. jahrhundert:$bdargestellt an den "Vierundvierzig Chorälen zum Präambulieren" von Johann Christoph Bach, (BA 285)
=260  \\$c1929$aKassel$bBärenreiter
=300  \\$a75-[1] pages
=600  \0$1http://www.wikidata.org/entity/Q57829$aBach, Johann Christoph$d1642-1703$924329
=650  \0$1http://www.wikidata.org/entity/Q1444$aOrgan$92810
=650  \0$1http://www.wikidata.org/entity/Q1049625$aImprovisation$93640
=942  \\$cBOO
=952  \\$00$10$2ddc$40$6BIO_BACH10_D$70$8BIO$97339$aORPH$bORPH$cKTS1_P$d2020-07-08$eKoopman$i44E44$oBIO BACH10 d$p20126553$r2021-01-12 00:00:00$w2021-01-12$yBOO
=999  \\$d7341

