=LDR  01557cam a22003254a 4500
=001  7343
=005  20250121142122.0
=008  060816s2005\\\\ne\a\\\\\bc\\\001\0ddut\d
=010  \\$a  2007358645
=020  \\$a9064698015
=040  \\$aOI
=041  0\$adut
=100  \\$aFischer, Pieter M.$d1921-2002$910873$4aut
=245  10$aIgnatius en Jan van Logteren:$bbeeldhouwers en stuckunstenaars in het Amsterdam van de 18de eeuw
=260  \\$aAlphen aan den Rijn$bCanaletto$bRepro-Holland$c2005
=300  \\$a551 pages$billustrations (some color)$c32 cm
=504  \\$aIncludes bibliographical references (p. 519-523) and index.
=546  \\$aDutch with English summary.
=590  \\$aP.M. Fischer ; bezorgd door E. Munnig Schmidt.
=600  \0$aLogteren, Ignatius van$d1685-1732$1http://www.wikidata.org/entity/Q12013144$910874
=600  \0$aLogteren, Jan van$d1709-1745$1http://www.wikidata.org/entity/Q1874923$910875
=610  \0$aLogteren family$1http://www.wikidata.org/entity/Q103951381$925663
=648  \0$a18th Century (1701-1800)$1http://www.wikidata.org/entity/Q7015$920899
=650  \0$aFine art$1http://www.wikidata.org/entity/Q219625$921579
=650  \0$aOrnamentation$1http://www.wikidata.org/entity/Q739589$922524
=651  \0$aAmsterdam (Netherlands)$1http://www.wikidata.org/entity/Q727$9135
=700  \\$aMunnig Schmidt, E.$910876$4edt
=942  \\$cBOO
=952  \\$00$10$2ddc$40$6BIO_LOGT_D$70$8BIO$97341$aORPH$bORPH$cKTS1_P$d2020-07-08$eKoopman$i35F01$l0$oBIO LOGT d$p20120691$r2021-01-12 00:00:00$w2021-01-12$yBOO$OKoopman
=999  \\$d7343

