=LDR  01098cam a2200265 a 4500
=001  7344
=005  20250121142122.0
=008  000315s1999\\\\gw\a\\\\\b\\\\001\0dger\\
=040  \\$aOI
=041  \\$ager
=100  \\$4aut$aFischer, Roman$910878
=245  10$aFrankfurter Telemann-Dokumente
=260  \\$aHildesheim$aZürich$aNew York$bOlms$c1999
=300  \\$a238 pages$bill. ;$ccm.
=490  \\$aMagdeburger Telemann-Studien$vXVI
=504  \\$aIncludes bibliographical references and index.
=600  \0$aTelemann, Georg Philipp$d1681-1767$1http://www.wikidata.org/entity/Q75854$99287
=648  \0$a18th Century (1701-1800)$1http://www.wikidata.org/entity/Q7015$920899
=650  \0$aMusic history$1http://www.wikidata.org/entity/Q846047$921373
=651  \0$aFrankfurt am Main (Germany)$1http://www.wikidata.org/entity/Q1794$921575
=700  \\$aReipsch, Brit$4edt$910879
=700  \\$aHobohm, Wolf$4edt$99448
=942  \\$cBOO
=952  \\$00$10$2ddc$40$6BIO_TELE_B$70$8BIO$97342$aORPH$bORPH$cKTS1_P$d2020-07-08$eKoopman$i30B39$oBIO TELE b$p20123387$r2021-01-12 00:00:00$w2021-01-12$yBOO
=999  \\$d7344

