=LDR  01321nam a2200289 c 4500
=001  7345
=005  20250926134855.0
=008  041011s2004\\\\\\\a|||\\||||\00|||\ger\d
=040  \\$aOI
=041  0\$ager
=100  \\$aNentwig, Franziska$d1966-$4edt$927327
=245  10$a"Ich habe fleißig seyn müssen ..."$bJohann Sebastian Bach und seine Kindheit in Eisenach
=260  \\$aEisenach$bBachhaus$c2004
=300  \\$a43 pages$billustrations
=600  \0$aBach, Johann Sebastian$d1685-1750$1http://www.wikidata.org/entity/Q1339$94766
=648  \0$a17th Century (1601-1700)$1http://www.wikidata.org/entity/Q7016$920923
=650  \0$aComposer$1http://www.wikidata.org/entity/Q36834$93625
=650  \0$aBiography$1http://www.wikidata.org/entity/Q36279$91927
=650  \0$aChild$1http://www.wikidata.org/entity/Q7569$92175
=650  \0$aMusic education$1http://www.wikidata.org/entity/Q27908$921766
=651  \0$aEisenach (Germany)$1http://www.wikidata.org/entity/Q7070$922310
=700  \\$aFischer, U.$1http://www.wikidata.org/entity/Q87999546$4ctb$910880
=700  \\$aMeißner, M.$4ctb$927328
=700  \\$aVogt, Gisela$4ctb$915330
=942  \\$cBOO
=952  \\$00$10$2ddc$40$6BIO_BACH1_E$70$8BIO$97343$aORPH$bORPH$cKTS1_P$d2020-07-08$eKoopman$i33B03$oBIO BACH1 e$p20122781$r2021-01-12 00:00:00$w2021-01-12$yBOO
=999  \\$d7345

