=LDR  01533cam a2200289 a 4500
=001  7346
=005  20250305123013.0
=008  880628s1986\\\\-usaf\\\\bk\\\000\0\eng\\
=041  \\$aeng
=245  00$aCharles Brenton Fisk, Organ Builder
=260  \\$aEasthampton, MA$bWestfield Center for Early Keyboard Studies$c1986
=300  \\$a2 vols (291+198)$billustrations$c24 cm
=504  \\$a"Writings of Charles Fisk": v. 2, p. [109]-[189]
=504  \\$aDiscography: v. 2, p. [191]-193.
=504  \\$aBibliography: v. 2, p. [195]-198.
=505  0\$av. 1. Essays in his honor / edited by Fenner Douglass, Owen Jander & Barbara Owen -- v. 2. His work / compiled & edited by Barbara Owen.
=600  \0$aFisk, Charles B.$d1925-1983$1http://www.wikidata.org/entity/Q56811913$923593
=650  \0$aOrgan$1http://www.wikidata.org/entity/Q1444$92810
=650  \0$aOrganology$1http://www.wikidata.org/entity/Q899293$921400
=651  \0$aUSA$1http://www.wikidata.org/entity/Q30$943
=700  \\$aDouglass, Fenner$4edt$910589
=700  \\$aJander, Owen$4edt$916226
=700  \\$aOwen, Barbara$4edt$923592
=942  \\$cBOO
=952  \\$00$10$2ddc$3Volume one: Essays in His Honor$40$6INS_3_000000000000000_1B_FISK$70$8INS$97344$aORPH$bORPH$cKTS0$d2020-07-08$eKoopman$i24C04$oINS3.1b FISK$p20128819$r2021-01-12 00:00:00$w2021-01-12$yBOO
=952  \\$00$10$2ddc$3Volume two: His Work$40$6INS_3_000000000000000_1B_FISK$70$8INS$97345$aORPH$bORPH$cKTS0$d2020-07-08$eKoopman$i24C04$oINS3.1b FISK$p20128820$r2021-01-12 00:00:00$w2021-01-12$yBOO
=999  \\$d7346

