=LDR  01139cam a2200241   4500
=001  7348
=008  730718s1973\\\\enkacg\\\b\\\\001\0\eng\\
=041  \\$aeng
=100  \\$aFiske, Roger$d1910-1987$1http://www.wikidata.org/entity/Q54944147$4aut$910883
=245  10$aEnglish Theatre Music in the Eighteenth Century
=260  \\$aLondon$aNew York$bOxford University Press$c1973
=300  \\$axv-684-16 pages$billus., music, ports$c24 cm
=350  \\$a£12.50
=504  \\$aBibliography: p. [641]-645.
=648  \0$a18th Century (1701-1800)$1http://www.wikidata.org/entity/Q7015$920899
=650  \0$aOpera$1http://www.wikidata.org/entity/Q1344$92468
=650  \0$aTheater history$1http://www.wikidata.org/entity/Q1061140$94607
=650  \0$aMusic history$1http://www.wikidata.org/entity/Q846047$921373
=650  \0$aMusic theater$1http://www.wikidata.org/entity/Q96394452$92065
=651  \0$aUnited Kingdom$1http://www.wikidata.org/entity/Q21$9273
=942  \\$cBOO
=952  \\$00$10$2ddc$40$6TOP_GB_5_000000000000000$70$8TOP$97346$aORPH$bORPH$cKTS0$d2020-07-08$eKoopman$i19D13$oTOP GB 5$p20127860$r2021-01-12 00:00:00$w2021-01-12$yBOO
=999  \\$d7348

