=LDR  01423aam a2200289   4500
=001  7349
=005  20251003085457.0
=008  230103s1928\\\\|||a||||\c|||\00|\0\fre\d
=041  \\$afre
=100  \\$aLavedan, Henri$d1859-1940$4col$1http://www.wikidata.org/entity/Q945057$925531
=245  \\$aAlmanachs chantants et galants du XVIIIe siècle, composant la collection de M. Henri Lavedan
=260  \\$aParis$bGiraud-Badin$c1928
=300  \\$a94 pages
=500  \\$aprices written in the margins and calculations on front and back matter.
=561  \\$aExlibris Eisenmann (name written on flyleaf)
=590  \\$aLa vente aura lieu Le Mercredi 1er Fevrier 1928 ...
=648  \0$a18th Century (1701-1800)$1http://www.wikidata.org/entity/Q7015$920899
=650  \0$aAlmanac$1http://www.wikidata.org/entity/Q171341$921366
=650  \0$aCatalogue$1http://www.wikidata.org/entity/Q2352616$921484
=650  \0$aAuction$1http://www.wikidata.org/entity/Q177923$93849
=650  \0$aCollecting$1http://www.wikidata.org/entity/Q208165$92117
=650  \0$aWriter$1http://www.wikidata.org/entity/Q36180$93885
=651  \0$aParis (France)$1http://www.wikidata.org/entity/Q90$9160
=700  \\$4edt$aFlament, A.$910884
=942  \\$cBOO
=952  \\$00$10$2ddc$40$6BIB_4_000000000000000_FR_LAVE$70$8BIB$97347$aORPH$bORPH$cKTS0$d2020-07-08$eKoopman$i42E11$l0$oBIB4 FR LAVE$p20122040$r2021-01-12 00:00:00$w2021-01-12$yBOO$OKoopman
=999  \\$d7349

