=LDR  00950aam a2200217   4500
=001  7351
=008  230822s1998\\\\||||||||\||||\00|\0\ger\d
=020  \\$a3897122413
=041  \\$ager
=100  \\$aFlassig, Fred$910886$4aut
=245  \\$aDie solistische Gambenmusik in Deutschland im 18. Jahrhundert
=260  \\$c1998$aGöttingen$bCuvillier
=300  \\$a351 pages
=648  \0$1http://www.wikidata.org/entity/Q7015$a18th Century (1701-1800)$920899
=650  \0$1http://www.wikidata.org/entity/Q96066477$aViola da gamba$93955
=650  \0$1http://www.wikidata.org/entity/Q639197$aInstrumental music$92106
=650  \0$1http://www.wikidata.org/entity/Q846047$aMusic history$921373
=651  \0$1http://www.wikidata.org/entity/Q183$aGermany$9155
=942  \\$cBOO
=952  \\$00$10$2ddc$40$6INS_4_000000000000000_5A_FLAS$70$8INS$97349$aORPH$bORPH$cKTS0$d2020-07-08$eKoopman$l0$oINS4.5a FLAS$p20126591$r2021-01-12 00:00:00$w2021-01-12$yBOO$OKoopman
=999  \\$d7351

