=LDR  01263aam a2200253   4500
=001  7352
=008  250429r19751785||||||||\c|||\00|\0deng\d
=041  \\$aeng
=100  \\$aJohnson, Samuel$d1709-1784$1http://www.wikidata.org/entity/Q183266$940108$4col
=245  \\$aThe Sale Catalogue of Samuel Johnson's Library
=260  \\$aVictoria, BC$bUniversity of Victoria$c1975
=300  \\$a118 pages
=490  \\$aEnglish Literary Studies, Monograph Series$v2
=590  \\$aA Facsimile Edition with an Introduction and Notes
=648  \0$a18th Century (1701-1800)$1http://www.wikidata.org/entity/Q7015$920899
=650  \0$aLibrary$1http://www.wikidata.org/entity/Q7075$94229
=650  \0$aIntellectual$1http://www.wikidata.org/entity/Q58968$93616
=650  \0$aEnlightenment$1http://www.wikidata.org/entity/Q12539$94532
=650  \0$aAuction$1http://www.wikidata.org/entity/Q177923$93849
=651  \0$aLondon (United Kingdom)$1http://www.wikidata.org/entity/Q84$9123
=700  \\$aFleeman, J. D.$1http://www.wikidata.org/entity/Q110305848$4win$910887
=942  \\$cBOO
=952  \\$00$10$2ddc$40$6BIB_4_000000000000000_GB_JOHN$70$8BIB$97350$aORPH$bORPH$cKTS0$d2020-07-08$eKoopman$i41A24$l0$oBIB4 GB JOHN$p20120191$r2021-01-12 00:00:00$w2021-01-12$yBOO$OKoopman
=999  \\$d7352

