=LDR  01117aam a2200217   4500
=001  7353
=008  230412s1941\\\\||||||||\||||\00|\0bger\d
=041  \\$ager
=100  \\$aFleischer, H.$910888$4aut
=245  \\$aChristlieb Siegmund Binder (1723-1789)
=260  \\$aBosse$bRegensburg$c1941
=490  \\$aForschungsarbeiten des musikwissenschaftlichen Instituts der Universität Leipzig$v3
=600  \0$1http://www.wikidata.org/entity/Q45343235$aBinder, Christlieb Siegmund$d1723-1789$926045
=648  \0$1http://www.wikidata.org/entity/Q7015$a18th Century (1701-1800)$920899
=650  \0$1https://www.wikidata.org/wiki/Q36834$aComposer$1http://www.wikidata.org/entity/Q36834$93625
=650  \0$1https://www.wikidata.org/wiki/Q765778$aOrganist$1http://www.wikidata.org/entity/Q765778$94471
=650  \0$aHarpsichord$1http://www.wikidata.org/entity/Q81982$92125
=651  \0$1http://www.wikidata.org/entity/Q183$aGermany$9155
=942  \\$cBOO
=952  \\$00$10$2ddc$40$6BIO_BIND_D$70$8BIO$97351$aORPH$bORPH$cKTS1_P$d2020-07-08$eKoopman$i32C22$l0$oBIO BIND d$p20122898$r2021-01-12 00:00:00$w2021-01-12$yBOO$OKoopman
=999  \\$d7353

