=LDR  00935    a2200205   4500
=001  7354
=008  210823s1964\\\\||||||||\||||\00|\0\ger\d
=041  \\$ager
=100  \\$aFleischhauer, Günter$d1928-2002$4aut$1http://www.wikidata.org/entity/Q72937039$910889
=245  \\$aEtrurien und Rom
=260  \\$c1964$aLeipzig$bVEB Deutscher Verlag für Musik
=300  \\$a194 pages
=490  \\$aMusikgeschichte in Bildern$vII/5
=648  \0$aClassical Antiquity (8th Century BC-6th Century AD)$1http://www.wikidata.org/entity/Q486761$921435
=650  \0$aIconography$1http://www.wikidata.org/entity/Q208145$921259
=651  \0$aRome (Italy)$1http://www.wikidata.org/entity/Q220$949
=651  \0$aEtruria$1http://www.wikidata.org/entity/Q206730$922079
=942  \\$cBOO
=952  \\$00$10$2ddc$40$6GHM_0_000000000000000$70$8GHM$97352$aORPH$bORPH$cKM12_1$d2020-07-08$eKoopman$i25F15 II/5$oGHM0$p20129381$r2021-01-12 00:00:00$w2021-01-12$yBOO
=999  \\$d7354

