=LDR  00370    a2200109   4500
=001  7359
=100  \\$aFlemming, Willi$d1888-1980$910891
=245  \\$aDie deutsche Barockkomödie
=260  \\$c1931
=942  \\$cBOO
=952  \\$00$10$2ddc$40$6LIT_FLEM_A$70$8LIT$97357$aORPH$bORPH$cKM12_2_H$d2020-07-08$eKoopman$i35D08$oLIT FLEM a$p20120715$r2021-01-12 00:00:00$w2021-01-12$yBOO
=999  \\$c7359$d7359

