=LDR  01246aam a2200253   4500
=001  7362
=008  250131s1999\\\\|||ao|||\b|||\00|\0\dan\d
=020  \\$a8798731106
=041  \\$adan
=100  \\$aFlensborg, Jenny$910892$4aut
=245  \\$aKalkmalerierne i Sct. Mariæ Kirke og Vor Frue Kloster
=246  \1$aThe frescoes in Sct. Mariae Church and Our Lady Convent
=260  \\$aHelsingør$bMenighedsråd Sct. Mariae Kirke$c1999
=300  \\$a67 pages
=500  \\$aThe frescoes in Sct. Mariæ Church and Our Lady's Monastery in Helsingør, Denmark
=610  \0$aSct. Mariæ kirke (Helsingør, Denmark)$1http://www.wikidata.org/entity/Q91549578$924094
=648  \0$a15th Century (1401-1500)$1http://www.wikidata.org/entity/Q7018$921015
=650  \0$aChurch$1http://www.wikidata.org/entity/Q16970$93776
=650  \0$aInterior design$1http://www.wikidata.org/entity/Q179232$921367
=650  \0$aFine art$1http://www.wikidata.org/entity/Q219625$921579
=651  \0$aHelsingør (Denmark)$1http://www.wikidata.org/entity/Q26881$9126
=942  \\$cBOO
=952  \\$00$10$2ddc$40$6TOP_DK_HEL_4_000000000000000$70$8TOP$97360$aORPH$bORPH$cKTS0$d2020-07-08$eKoopman$i30D15$l0$oTOP DK.HEL 4$p20121189$r2021-01-12 00:00:00$w2021-01-12$yBOO$OKoopman
=999  \\$d7362

