=LDR  08241    a2201465   4500
=001  7365
=008  211016m18691871\\\|||||\||||\00|\0dita\d
=041  \\$aita
=100  \\$aFlorimo, Francesco$d1800-1888$4aut$1http://www.wikidata.org/entity/Q252228$910896
=245  \\$aCenno storico sulla scuola musicale di Napoli
=250  \\$a1st ed.
=260  \\$aNaples$bRocco$c1869$c1871
=300  \\$a2 volumes (1366 pages)$bfold-outs
=500  \\$avol. 2 contains an error in page numbering: from 1099 to 2000 instead of 1200.
=561  \\$aEx libris James E. Matthew (bookplate) and Karl Malsch (bookplate)
=648  \0$a16th Century (1501-1600)$1http://www.wikidata.org/entity/Q7017$920944
=648  \0$a17th Century (1601-1700)$1http://www.wikidata.org/entity/Q7016$920923
=648  \0$a18th Century (1701-1800)$1http://www.wikidata.org/entity/Q7015$920899
=648  \0$a19th Century (1801-1900)$1http://www.wikidata.org/entity/Q6955$920935
=650  \0$aMusic education$1http://www.wikidata.org/entity/Q27908$921766
=651  \0$aNaples (Italy)$1http://www.wikidata.org/entity/Q2634$921
=653  \0$aad lib. bezetting$32126$020120139$wG1-039_02$928471
=653  \0$aademhalen$384$020120140$wG1-039_01$928491
=653  \0$aAnfossi, P.$3435-440$020120140$wG1-039_01$928697
=653  \0$abibliotheek$3164-184, 196$020120140$wG1-039_01$929548
=653  \0$aBellini, V.$3709-836$020120139$wG1-039_02$929402
=653  \0$abespelen meer instr.$3185$020120140$wG1-039_01$929494
=653  \0$aBroschi, R.$3534, 535$020120140$wG1-039_01$929958
=653  \0$aCaffarelli$32039-2047$020120139$wG1-039_02$930113
=653  \0$acastraten$32039-2066, 2108-2117$020120139$wG1-039_02$930282
=653  \0$acello$3510$020120140$wG1-039_01$930344
=653  \0$aCimarosa, D.$393, 180, 401, 442-464, 465-473$020120140$wG1-039_01$930483
=653  \0$aclarinet$3176$020120140$wG1-039_01$930500
=653  \0$ade Majo, G. F.$3342-346$020120140$wG1-039_01$930972
=653  \0$aoude muziek vroeger$3212, 243-245$020120140$wG1-039_01$935658
=653  \0$aPaisiello, G.$392, 313-336$020120140$wG1-039_01$935718
=653  \0$aPalestrina na dood$3504$020120140$wG1-039_01$935725
=653  \0$aPalestrina na dood$31018, 1079$020120139$wG1-039_02$935725
=653  \0$aparodie$3229$020120140$wG1-039_01$935769
=653  \0$apartimento$341, 42, 49, 64, 70, 185, 219, 224, 228, 236, 335, 350, 409-418, 510, 565, 579, 628, 666$020120140$wG1-039_01$935775
=653  \0$aPerez, D.$3386-390$020120140$wG1-039_01$935853
=653  \0$aPergolesi, G. B.$3180, 237-256, 636$020120140$wG1-039_01$935856
=653  \0$aDuni, E. R.$3382-386$020120140$wG1-039_01$931301
=653  \0$aDurante, F.$3180, 219-229, 414$020120140$wG1-039_01$931320
=653  \0$aPiccinni, N.$3290-313$020120140$wG1-039_01$935961
=653  \0$aPorpora, N.$340, 41, n180, 363-380$020120140$wG1-039_01$936085
=653  \0$aFago, N.$3217, 218$020120140$wG1-039_01$931584
=653  \0$afagot$3176$020120140$wG1-039_01$931585
=653  \0$aProvenzale, Fr.$348$020120140$wG1-039_01$936230
=653  \0$aFarinelli$32048-2060$020120139$wG1-039_02$931610
=653  \0$aFarinelli, G.$3585-587$020120140$wG1-039_01$931615
=653  \0$aFenaroli, F. $341, 173, 408-418$020120140$wG1-039_01$931655
=653  \0$aFeo, F.$3668-670$020120140$wG1-039_01$931660
=653  \0$aFischietti, D.$3336, 337$020120140$wG1-039_01$931732
=653  \0$aFlorimo, F.$3177-184, 196$020120140$wG1-039_01$931777
=653  \0$aSpontini, G. L.$3594-610$020120140$wG1-039_01$936442
=653  \0$aGesualdo$3157$020120140$wG1-039_01$932163
=653  \0$aTerradellas, D.$3264-267$020120140$wG1-039_01$936860
=653  \0$atr etc.$32040$020120139$wG1-039_02$937051
=653  \0$aTraetta, T.$3393-398$020120140$wG1-039_01$937062
=653  \0$aHändel, G.F.$3180$020120140$wG1-039_01$932536
=653  \0$atrompet$32050$020120139$wG1-039_02$937194
=653  \0$aharp$3633$020120140$wG1-039_01$932582
=653  \0$aHaydn, J.$3180$020120140$wG1-039_01$932639
=653  \0$ahobo$3176$020120140$wG1-039_01$932805
=653  \0$ahoorn$3176$020120140$wG1-039_01$932928
=653  \0$aJomelli, N.$3180, 270-290$020120140$wG1-039_01$933232
=653  \0$azangles$32040$020120139$wG1-039_02$938106
=653  \0$aklavecimbel in 19e$3186$020120140$wG1-039_01$933462
=653  \0$aklavecimbel in 19e e.$31077$020120139$wG1-039_02$933463
=653  \0$aZingarelli$394, 167, 168, 180, 403$020120140$wG1-039_01$938148
=653  \0$aZingarelli$3398-407$020120140$wG1-039_01$938148
=653  \0$aZingarelli$3413, 473-522$020120140$wG1-039_01$938148
=653  \0$aklavecimbel of ??$3372$020120140$wG1-039_01$933469
=653  \0$aklavecimbelconcerti$3228, 335$020120140$wG1-039_01$933531
=653  \0$akoor/orkestbezetting$32078$020120139$wG1-039_02$933678
=653  \0$aRossini$3947$020120139$wG1-039_02$938572
=653  \0$aRossini, G.$3opdracht, 74, 75, 664$020120140$wG1-039_01$938573
=653  \0$aLatilla, G.$3267-270$020120140$wG1-039_01$933931
=653  \0$aSacchini, A.$3418-435$020120140$wG1-039_01$938669
=653  \0$asalaris$352, 94$020120140$wG1-039_01$938697
=653  \0$asalaris$32043, 2053, 2074, 2111$020120139$wG1-039_02$938697
=653  \0$aLeo, L.$348, 49, 169, 180, 547-562$020120140$wG1-039_01$934052
=653  \0$alesgeld$3268$020120140$wG1-039_01$934067
=653  \0$aScarlatti, A.$3180, 201-214, 229$020120140$wG1-039_01$938789
=653  \0$aScarlatti, D.$32011-2017$020120139$wG1-039_02$938790
=653  \0$aMancini, F.$3361-363$020120140$wG1-039_01$934412
=653  \0$aManna, G.$3391-393$020120140$wG1-039_01$934431
=653  \0$aMattei, S.$3156-161, 270, 275, 280$020120140$wG1-039_01$934532
=653  \0$ameerkorigheid$3333, 334, 377, 388, 389, 501, 502, 505, 550, 569$020120140$wG1-039_01$934594
=653  \0$aMercadante, S.$3640-667$020120140$wG1-039_01$934676
=653  \0$amessa di voce$384$020120140$wG1-039_01$934702
=653  \\$aAbendmusik$349, 50$926413$020120140$wG1-039_01
=653  \\$aAprile, G.$32065$020120139$wG1-039_02$928745
=653  \\$aCafaro, P.$3565-571$020120140$wG1-039_01$930112
=653  \\$aCotumacci, C.$3235, 236$910309$020120140$wG1-039_01
=653  \\$aemoties$3246$020120140$wG1-039_01$931445
=653  \\$aemoties$32062$020120139$wG1-039_02$931445
=653  \\$aFiorillo, I.$3390, 391$020120140$wG1-039_01$931723
=653  \\$aFurno, G.$3347-350$020120140$wG1-039_01$931952
=653  \\$aGallo, I.$3229-230$020120140$wG1-039_01$931989
=653  \\$aGazzaniga, D.$3337-340$020120140$wG1-039_01$932053
=653  \\$aGizzi, D.$3263-264$020120140$wG1-039_01$932212
=653  \\$aGizziello$32042, 2061-2065$020120139$wG1-039_02$932213
=653  \\$aGreco, G.$3219$020120140$wG1-039_01$932361
=653  \\$aInsanguine, G.$3340-342$020120140$wG1-039_01$933082
=653  \\$aLablache, L.$32067-2108$020120139$wG1-039_02$933844
=653  \\$aLogroscino, N.$3380-382$020120140$wG1-039_01$934184
=653  \\$aMarinelli, G.$3523-524$020120140$wG1-039_01$934467
=653  \\$aPartimento$3700, 1037$921242$020120139$wG1-039_02
=653  \\$aProta, G.$3236$020120140$wG1-039_01$936228
=653  \\$aRispoli, S.$3346, 347$020120140$wG1-039_01$938466
=653  \\$aSala, N.$3562-565$020120140$wG1-039_01$938696
=653  \\$aSarri, D.$3543-546$020120140$wG1-039_01$938757
=653  \\$aSenesino$32062$923785$020120139$wG1-039_02
=653  \\$aSperanza, A.$3407, 408$020120140$wG1-039_01$936403
=653  \\$aTarchi, A.$3580-583$020120140$wG1-039_01$936746
=653  \\$aTritto, G.$3571-580$020120140$wG1-039_01$937179
=653  \\$aVento, M.$3441-442$020120140$wG1-039_01$937387
=653  \\$aVinci, L.$3230-235$020120140$wG1-039_01$937559
=653  \\$avioolsolo$3391$020120140$wG1-039_01$937618
=942  \\$cBOO
=952  \\$00$10$2ddc$3vol. 1$40$6KTS_1_000000000000000_C3_53_G1039_01$70$8RAR$97363$aORPH$bORPH$cKTS1_C3$d2020-07-08$eKoopman$i41D32$oKTS1 C3.53 G1-039_01$p20120140$r2021-01-12 00:00:00$w2021-01-12$yBOO
=952  \\$00$10$2ddc$3vol. 2$40$6KTS_1_000000000000000_C3_53_G1039_02$70$8RAR$97364$aORPH$bORPH$cKTS1_C3$d2020-07-08$eKoopman$i41D32$oKTS1 C3.53 G1-039_02$p20120139$r2021-01-12 00:00:00$w2021-01-12$yBOO
=999  \\$d7365

