=LDR  01036aam a2200217   4500
=001  7367
=005  20250925143257.0
=008  250528s1994\\\\||||||||\||||\00|\0bdut\d
=041  \\$adut
=100  \\$aFlothuis, Marius$d1914-2001$1http://www.wikidata.org/entity/Q2292019$916783$4aut
=245  \\$aEnkele herinneringen aan Jan van Gilse
=260  \\$aHilversum$bCentrum Nederlandse Muziek$c1994
=490  \\$aJan van Gilse-lezing
=600  \0$aGilse, Jan van$d1881-1944$1http://www.wikidata.org/entity/Q573283$926226
=648  \0$a20th Century (1901-2000)$1http://www.wikidata.org/entity/Q6927$920936
=650  \0$aComposer$1http://www.wikidata.org/entity/Q36834$93625
=650  \0$aBiography$1http://www.wikidata.org/entity/Q36279$91927
=651  \0$aNetherlands$1http://www.wikidata.org/entity/Q55$1http://www.wikidata.org/entity/Q29999$9173
=942  \\$cBOO
=952  \\$00$10$2ddc$40$6BIO_GILS_EB$70$8BIO$97365$aORPH$bORPH$cKTS1_P$d2020-07-08$eKoopman$i19C19$oBIO GILS e--<b$p20127911$r2021-01-12 00:00:00$w2021-01-12$yBOO$OKoopman
=999  \\$d7367

