=LDR  01238aab a2200241   4500
=001  7368
=008  250528s1983\\\\||||||||\||||\00|\0\ger\d
=041  \\$ager
=100  \\$aFlothuis, Marius$d1914-2001$1http://www.wikidata.org/entity/Q2292019$916783$4aut
=245  \\$aMozart bearbeitet und variiert, parodiert und zitiert
=260  \\$aKassel$bBärenreiter$c1983
=500  \\$aOffprint from Mozart-Jahrbuch, 1980/83
=600  \0$aMozart, Wolfgang Amadeus$d1756-1791$1http://www.wikidata.org/entity/Q254$95341
=648  \0$a18th Century (1701-1800)$1http://www.wikidata.org/entity/Q7015$920899
=648  \0$a19th Century (1801-1900)$1http://www.wikidata.org/entity/Q6955$920935
=650  \0$aComposer$1http://www.wikidata.org/entity/Q36834$93625
=650  \0$aLegacy$1http://www.wikidata.org/entity/Q623282$922131
=650  \0$aArrangement$1http://www.wikidata.org/entity/Q379755$94282
=650  \0$aTheme and variations$1http://www.wikidata.org/entity/Q763324$92038
=650  \0$aContrafactum$1http://www.wikidata.org/entity/Q1783270$922210
=942  \\$cART
=952  \\$00$10$2ddc$40$6BIO_MOZA1_F$70$8BIO$97366$aORPH$bORPH$cKTS1_P$d2020-07-08$eKoopman$i31A31a$oBIO MOZA1 f$p20121143$r2021-01-12 00:00:00$w2021-01-12$yBOO$OKoopman
=999  \\$d7368

