=LDR  01090aab a2200229   4500
=001  7369
=005  20251103124736.0
=008  250528s1979\\\\||||||||\||||\00|\0\ger\d
=041  \\$ager
=100  \\$aFlothuis, Marius$d1914-2001$1http://www.wikidata.org/entity/Q2292019$916783$4aut
=245  \\$aÜber einige metrische Probleme bei Mozart
=260  \\$aKassel$bBärenreiter$c1978
=500  \\$aOffprint from Mozart-Jahrbuch, 1978/79
=600  \0$aMozart, Wolfgang Amadeus$d1756-1791$1http://www.wikidata.org/entity/Q254$95341
=648  \0$a18th Century (1701-1800)$1http://www.wikidata.org/entity/Q7015$920899
=650  \0$aMeter$1http://www.wikidata.org/entity/Q630649$924074
=650  \0$aNotation$1http://www.wikidata.org/entity/Q233861$91964
=650  \0$aMusical interpretation$1http://www.wikidata.org/entity/Q1668139$94533
=651  \0$aAustria$1http://www.wikidata.org/entity/Q40$9202
=942  \\$cART
=952  \\$00$10$2ddc$40$6BIO_MOZA1_F$70$8BIO$97367$aORPH$bORPH$cKTS1_P$d2020-07-08$eKoopman$i31A31b$l0$oBIO MOZA1 f$p20121142$r2021-01-12 00:00:00$w2021-01-12$yART$OKoopman
=999  \\$d7369

