=LDR  00908aam a2200193   4500
=001  7370
=008  250528s1969\\\\||||||||\m|||\00|\0\ger\d
=041  \\$ager
=100  \\$aFlothuis, Marius$d1914-2001$1http://www.wikidata.org/entity/Q2292019$916783$4aut
=245  \\$aMozarts Bearbeitungen eigener und fremder Werke
=260  \\$aAmsterdam$bUniversiteit van Amsterdam$c1969
=500  \\$aPhD dissertation
=600  \0$aMozart, Wolfgang Amadeus$d1756-1791$1http://www.wikidata.org/entity/Q254$95341
=648  \0$a18th Century (1701-1800)$1http://www.wikidata.org/entity/Q7015$920899
=650  \0$aArrangement$1http://www.wikidata.org/entity/Q379755$94282
=651  \0$aAustria$1http://www.wikidata.org/entity/Q40$9202
=942  \\$cDIS
=952  \\$00$10$2ddc$40$6BIO_MOZA1_E$70$8BIO$97368$aORPH$bORPH$cKTS1_P$d2020-07-08$eKoopman$i35B33$l0$oBIO MOZA1 e$p20120764$r2021-01-12 00:00:00$w2021-01-12$yDIS$OKoopman
=999  \\$d7370

