=LDR  01461cam a2200289 a 4500
=001  7373
=005  20250121142122.0
=008  860422s1985\\\\au\g\\\\\b\\\\000\0dger\\
=020  \\$z3201012631
=040  \\$aOI
=041  \\$ager
=100  \\$aFlotzinger, Rudolf$d1939-$1http://www.wikidata.org/entity/Q115168$4edt$99144
=245  10$aFux-Studien.$cZur Biographie, Forschungsgeschichte, Stilkritik
=260  \\$aGraz$bAkademische Druck- u. Verlagsanstalt$c1985
=300  \\$a109 pages$bmusic$c25 cm
=490  \\$aGrazer musikwissenschaftliche Arbeiten$v6
=504  \\$aIncludes bibliographical references.
=505  0\$aDie Anfänge der Johann-Joseph-Fux-Forschung im Zeichen des österreichischen Patriotismus -- Johann Joseph Fux auf dem Weg von Hirtenfeld nach Wien -- Vinzenz Fux.
=600  \0$aFux, Johann Joseph$d1660-1741$1http://www.wikidata.org/entity/Q311378$910900
=648  \0$1http://www.wikidata.org/entity/Q7016$a17th Century (1601-1700)$920923
=648  \0$1http://www.wikidata.org/entity/Q7015$a18th Century (1701-1800)$920899
=650  \0$1http://www.wikidata.org/entity/Q36834$aComposer$93625
=650  \0$1http://www.wikidata.org/entity/Q846047$aMusic history$921373
=651  \0$1http://www.wikidata.org/entity/Q1741$aVienna (Austria)$920937
=942  \\$cBOO
=952  \\$00$10$2ddc$40$6BIO_FUX_E$70$8BIO$97371$aORPH$bORPH$cKTS1_P$d2020-07-08$eKoopman$i32E02$oBIO FUX e$p20122869$r2021-01-12 00:00:00$w2021-01-12$yBOO$OKoopman
=999  \\$d7373

