=LDR  01660aam a2200241   4500
=001  7374
=008  220530i20022008||||||||\||||\00|\0\ger\d
=020  \\$a9006258000206
=041  \\$ager
=100  \\$aFlotzinger, Rudolf$d1939-$4aut$1http://www.wikidata.org/entity/Q115168$99144
=245  \\$aOesterreichisches Musiklexicon
=260  \\$aVienna$bVerlag der Österreichischen Akademie der Wissenschaften$c2002-6
=300  \\$a5 vols. (2772 pages)
=650  \0$aMusic history$1http://www.wikidata.org/entity/Q846047$921373
=650  \0$aEncyclopedia$1http://www.wikidata.org/entity/Q5292$92184
=651  \0$aAustria$1http://www.wikidata.org/entity/Q40$9202
=942  \\$cBOO
=952  \\$00$10$2ddc$3Band 1: Abbado - Fux$40$6TOP_AT_0_000000000000000$70$8TOP$97372$aORPH$bORPH$cKTS0$d2020-07-08$eKoopman$i37B15$oTOP AT 0$p20120598$r2021-01-12 00:00:00$w2021-01-12$yBOO
=952  \\$00$10$2ddc$3Band 2: Gaal - Kluger$40$6TOP_AT_0_000000000000000$70$8TOP$97373$aORPH$bORPH$cKTS0$d2020-07-08$eKoopman$i37B15$oTOP AT 0$p20120597$r2021-01-12 00:00:00$w2021-01-12$yBOO
=952  \\$00$10$2ddc$3Band 3: Kmentt - Nyzankivskyj$40$6TOP_AT_0_000000000000000$70$8TOP$97374$aORPH$bORPH$cKTS0$d2020-07-08$eKoopman$i37B15$oTOP AT 0$p20120596$r2021-01-12 00:00:00$w2021-01-12$yBOO
=952  \\$00$10$2ddc$3Band 4: Ober - Schwaz$40$6TOP_AT_0_000000000000000$70$8TOP$97375$aORPH$bORPH$cKTS0$d2020-07-08$eKoopman$i37B15$oTOP AT 0$p20120595$r2021-01-12 00:00:00$w2021-01-12$yBOO
=952  \\$00$10$2ddc$3Band 5: Schwechat - Zyklus$40$6TOP_AT_0_000000000000000$70$8TOP$97376$aORPH$bORPH$cKTS0$d2020-07-08$eKoopman$i37B15$oTOP AT 0$p20120594$r2021-01-12 00:00:00$w2021-01-12$yBOO
=999  \\$d7374

