=LDR  01183aam a2200217   4500
=001  7380
=005  20250926135309.0
=008  250211s1908\\\\|||g||||\||||\00|\0\ger\d
=100  \\$aFlueler, Max$d1880-1971$1http://www.wikidata.org/entity/Q96364152$910901
=245  \\$aDie Norddeutsche Sinfonie zur Zeit Friedrichs d. Gr., und besonders die Werke Ph. Em. Bachs.
=260  \\$c1908$aBerlin$bFr. W. Universität zu Berlin
=300  \\$a75 pages
=561  \\$aEx libris A.W. Ligtvoet, 2e Schuytstraat 195 (Stamp)
=590  \\$aInaugural-Dissertation zur Erlangung der Doktorwürde genehmgt von der philiosophischen Fakultät der Friedrich-Wilhelms-Universität zu Berlin
=600  \0$aBach, Carl Philipp Emanuel$d1714-1788$1http://www.wikidata.org/entity/Q76428$99218
=648  \0$a18th Century (1701-1800)$1http://www.wikidata.org/entity/Q7015$920899
=650  \0$aSymphony$1http://www.wikidata.org/entity/Q9734$92527
=651  \0$aGermany$1http://www.wikidata.org/entity/Q183$9155
=942  \\$cCHA
=952  \\$00$10$2ddc$40$6TOP_DE_5_000000000000000$70$8TOP$97378$aORPH$bORPH$cKTS0$d2020-07-08$eKoopman$i19F13$l0$oTOP DE 5$p20125258$r2021-01-12 00:00:00$w2021-01-12$yDIS$OKoopman
=999  \\$d7380

