=LDR  01012aam a2200205   4500
=001  7382
=008  230705s1998\\\\||||||||\||||\00|\0bger\d
=041  \\$ager
=100  \\$aFocht, J.$910903$4aut
=245  \\$aDie musische Aura der Markgräfin Wilhelmine.$bMusikinszenierung in der Kunst des Bayreuther Rokoko
=260  \\$aPassau$bPeda Kunstverlag$c1998
=600  \0$1http://www.wikidata.org/entity/Q237740$aWilhelmine von Bayreuth$d1709-1758$97944
=648  \0$1http://www.wikidata.org/entity/Q7015$a18th Century (1701-1800)$920899
=650  \0$1http://www.wikidata.org/entity/Q1134237$aCourt$922191
=650  \0$1http://www.wikidata.org/entity/Q214092$aPatronage$94245
=650  \0$1http://www.wikidata.org/entity/Q846047$aMusic history$921373
=651  \0$1http://www.wikidata.org/entity/Q3923$aBayreuth (Germany)$925135
=942  \\$cBOO
=952  \\$00$10$2ddc$40$6BIO_WILH_E$70$8BIO$97380$aORPH$bORPH$cKTS1_P$d2020-07-08$eKoopman$i25C33$oBIO WILH e$p20129221$r2021-01-12 00:00:00$w2021-01-12$yBOO$OKoopman
=999  \\$d7382

