=LDR  00356    a2200109   4500
=001  7383
=100  \\$aFock, G.$910904
=245  \\$aDer Junge Bach in Lüneburg
=260  \\$c1950
=942  \\$cBOO
=952  \\$00$10$40$6BIO_BACH1_E$70$8BIO$97381$aORPH$bORPH$cKTS1_P$d2020-07-08$eKoopman$i21E50$oBIO BACH1 e$p20125434$r2021-01-12 00:00:00$w2021-01-12$yBOO$OKoopman
=999  \\$c7383$d7383

