=LDR  01397cam a22002651  4500
=001  7384
=008  760820s1974\\\\gw\ab\\\\b\\\\000\0\ger\\
=020  \\$a3761802617
=040  \\$aOI
=041  \\$ager
=100  \\$aFock, Gustav$d1893-1974$4aut$1http://www.wikidata.org/entity/Q105753$910905
=245  10$aArp Schnitger und seine Schule.$bEin Beitrag zur Geschichte des Orgelbaues im Nord- und Ostseeküstengebiet
=260  \\$aKassel$bBärenreiter$c1974
=300  \\$a310-[40] pages$billustrations, folded map$c27 cm
=490  1\$aVeröffentlichung der Orgelwissenschaftlichen Forschungsstelle im Musikwissenschaftlichen Seminar der Westfälischen Wilhelms-Universität Münster,$v5
=504  \\$aBibliography: p. 290-294.
=600  \0$aSchnitger, Arp$d1648-1719$1http://www.wikidata.org/entity/Q60787$910906
=648  \0$a17th Century (1601-1700)$1http://www.wikidata.org/entity/Q7016$920923
=648  \0$a18th Century (1701-1800)$1http://www.wikidata.org/entity/Q7015$920899
=650  \0$aOrgan$1http://www.wikidata.org/entity/Q1444$92810
=650  \0$aOrganology$1http://www.wikidata.org/entity/Q899293$921400
=651  \0$aGermany$1http://www.wikidata.org/entity/Q183$9155
=942  \\$cBOO
=952  \\$00$10$2ddc$40$6INS_3_000000000000000_1B_SCHN$70$8INS$97382$aORPH$bORPH$cKTS0$d2020-07-08$eKoopman$i23C22$l0$oINS3.1b SCHN$p20128569$r2021-01-12 00:00:00$w2021-01-12$yBOO$OKoopman
=999  \\$d7384

