=LDR  00984aam a2200217   4500
=001  7386
=008  220808s1958\\\\|||ag|||\||||\00|\0bita\d
=041  \\$aita
=100  \\$aFogaccia, Piero$4aut$910908
=245  \\$aGiovanni Legrenzi
=260  \\$aBergamo$bOrobiche$c1954
=600  \0$aLegrenzi, Giovanni$d1626-1690$1http://www.wikidata.org/entity/Q354947$97231
=648  \0$a17th Century (1601-1700)$1http://www.wikidata.org/entity/Q7016$920923
=650  \0$aComposer$1http://www.wikidata.org/entity/Q36834$93625
=650  \0$aBiography$1http://www.wikidata.org/entity/Q36279$91927
=650  \0$aInstrumental music$1http://www.wikidata.org/entity/Q639197$92106
=650  \0$aOpera$1http://www.wikidata.org/entity/Q1344$92468
=651  \0$aVenice (Italy)$1http://www.wikidata.org/entity/Q641$91
=942  \\$cBOO
=952  \\$00$10$2ddc$40$6BIO_LEGR_D$70$8BIO$97384$aORPH$bORPH$cKTS1_P$d2020-07-08$eKoopman$i19B10$oBIO LEGR d$p20125110$r2021-01-12 00:00:00$w2021-01-12$yBOO$OKoopman
=999  \\$d7386

