=LDR  00380    a2200121   4500
=001  7387
=020  \\$a8877370734
=100  \\$aFoggi, R.$910909
=245  \\$aMaria Teresa Fiorio Bambaia
=260  \\$c1990
=942  \\$cBOO
=952  \\$00$10$2ddc$40$6BIO_BAMB1_C$70$8BIO$97385$aORPH$bORPH$cKTS1_P$d2020-07-08$eKoopman$i46D31$oBIO BAMB1 c$p20127676$r2021-01-12 00:00:00$w2021-01-12$yBOO
=999  \\$c7387$d7387

