=LDR  00510    a2200145   4500
=001  7388
=008  210315b\\\\\\\\be\|||||\||||\00|\0\eng\d
=041  \\$afre
=100  \\$aFokker, A. D.$4aut$910910
=245  \\$aLes mathématiques et la musique
=260  \\$c1947$aThe Hague$bMartinus Nijhoff
=300  \\$a32 pages
=942  \\$cBOO
=952  \\$00$10$2ddc$40$6MTP_1_000000000000000_FOKK$70$8MTP$97386$aORPH$bORPH$cKM12_1$d2020-07-08$eKoopman$i20E22$l0$oMTP1 FOKK$p20125412$r2021-01-12 00:00:00$w2021-01-12$yBOO
=999  \\$c7388$d7388

