=LDR  00619    a2200169   4500
=001  7389
=008  210315b\\\\\\\\be\|||||\||||\00|\0\eng\d
=041  \\$afre
=100  \\$aFokker, A. D.$4aut$910910
=245  \\$aRecherches musicales théoriques et pratiques.$bExtraits du Tome X
=260  \\$c1951$aThe Hague$bMartinus Nijhoff
=300  \\$a54 pages
=700  \\$aDijk, Jan van$920966
=700  \\$aPels, B. J. A.$920967
=942  \\$cBOO
=952  \\$00$10$2ddc$40$6MTP_1_000000000000000_FOKK$70$8MTP$97387$aORPH$bORPH$cKM12_1$d2020-07-08$eKoopman$i20E23$l0$oMTP1 FOKK$p20125411$r2021-01-12 00:00:00$w2021-01-12$yBOO
=999  \\$c7389$d7389

