=LDR  01047cam a22002531p 4500
=001  7391
=005  20250120120010.0
=008  760727s1975\\\\ne\fh\\\\b\\\\000\0\dut\\
=020  \\$a9060721101 :$cfl 30.00
=040  \\$aOI
=041  \\$adut
=100  2\$aFontaine Verwey, H. de la.$4aut
=245  10$aHumanisten, dwepers en rebellen in de zestiende eeuw
=260  \\$aAmsterdam$bIsrael$c1975
=300  \\$a160 pages, [20] leaves of plates$bfacsimiles$c22 cm
=490  \\$aUit de wereld van het boek$vI
=504  \\$aIncludes bibliographical references.
=648  \0$1http://www.wikidata.org/entity/Q7017$a16th Century (1501-1600)$920944
=650  \0$aBook$1http://www.wikidata.org/entity/Q571$92285
=650  \0$aHumanism$1http://www.wikidata.org/entity/Q46158$92157
=651  \0$1http://www.wikidata.org/entity/Q55$aNetherlands$9173
=942  \\$cBOO
=952  \\$00$10$2ddc$40$6BIB_2_000000000000000_FONT$70$8BIB$97389$aORPH$bORPH$cKTS0$d2020-07-08$eKoopman$i37C27_I$l0$oBIB2 FONT$p20120565$r2021-01-12 00:00:00$w2021-01-12$yBOO$OKoopman
=999  \\$d7391

