=LDR  01207cam a2200277 p 4500
=001  7392
=005  20250120120230.0
=008  770930s1976\\\\ne\f\\\\\b\\\\000\0\dut\\
=020  \\$a906072111X :$cfl 30.00
=040  \\$aOI
=041  \\$adut
=100  \\$aFontaine Verwey, H. de la$4aut$910912
=245  10$aDrukkers, liefhebbers en piraten in de zeventiende eeuw
=260  \\$aAmsterdam$bIsraël$c1976
=300  \\$a190 pages, [24] leaves of plates$c22 cm
=490  \\$aUit de wereld van het boek$vII
=504  \\$aIncludes bibliographical references.
=648  \0$a17th Century (1601-1700)$1http://www.wikidata.org/entity/Q7016$920923
=650  \0$aPrinting$1http://www.wikidata.org/entity/Q11034$921936
=650  \0$aApplied arts$1http://www.wikidata.org/entity/Q2865882$921627
=650  \0$aBookbinding$1http://www.wikidata.org/entity/Q240471$94369
=650  \0$aForgery$1http://www.wikidata.org/entity/Q1332286$922153
=651  \0$aNetherlands$1http://www.wikidata.org/entity/Q55$9173
=942  \\$cBOO
=952  \\$00$10$2ddc$40$6BIB_2_000000000000000_FONT$70$8BIB$97390$aORPH$bORPH$cKTS0$d2020-07-08$eKoopman$i37C27_II$l0$oBIB2 FONT$p20120564$r2021-01-12 00:00:00$w2021-01-12$yBOO$OKoopman
=999  \\$d7392

