=LDR  01093nam a22002535a 4500
=001  7393
=005  20250925143257.0
=008  940616s1993\\\\ne\a\\\\\b\\\\000\0\dut\\
=020  \\$a9070386593
=040  \\$aOI
=041  \\$adut
=100  \\$aFontaine Verwey, H. de la$4aut$910912
=245  13$aDe verdwenen antiquaar:$ben andere herinneringen van een bibliothecaris
=260  \\$aAmsterdam$bBuitenkant$c1993
=300  \\$a219 pages$billustrations$c23 cm
=504  \\$aIncludes bibliographical references (p. 197-219).
=648  \0$a20th Century (1901-2000)$1http://www.wikidata.org/entity/Q6927$920936
=650  00$aBiography$1http://www.wikidata.org/entity/Q36279$91927
=650  00$aLibrary$1http://www.wikidata.org/entity/Q7075$94229
=650  00$aCollecting$1http://www.wikidata.org/entity/Q208165$92117
=651  \0$aNetherlands$1http://www.wikidata.org/entity/Q55$9173
=942  \\$cBOO
=952  \\$00$10$2ddc$40$6BIB_4_000000000000000_NL_FONT$70$8BIB$97391$aORPH$bORPH$cKTS0$d2020-07-08$eKoopman$i43E24$l0$oBIB4 NL FONT$p20127133$r2021-01-12 00:00:00$w2021-01-12$yBOO$OKoopman
=999  \\$d7393

