=LDR  00806cam a2200193 a 4500
=001  7399
=008  900117r19891930it\\\\\\\b\\\\001\0\ita\\
=041  \\$aita
=100  \\$aForino, Luigi$d1868-1936$910917$4aut
=245  13$aIl violoncello.$bIl violoncellista ed i violoncellisti
=260  \\$aMilan$bCisalpino-Goliardica$c1989
=300  \\$axix-473 pages$c16 cm
=490  0\$aReprint antichi manuali Hoepli $v132
=504  \\$aIncludes bibliographical references and index.
=650  \0$aCello$1http://www.wikidata.org/entity/Q8371$92688
=650  \0$aCellist$1http://www.wikidata.org/entity/Q13219637$92689
=942  \\$cBOO
=952  \\$00$10$2ddc$40$6INS_4_000000000000000_3A$70$8INS$97397$aORPH$bORPH$cKTS0$d2020-07-08$eKoopman$i20D28$l0$oINS4.3a$p20125310$r2021-01-12 00:00:00$w2021-01-12$yBOO$OKoopman
=999  \\$d7399

