=LDR  01172aab a2200241   4500
=001  7400
=008  250430s1974\\\\|||a||||\||||\00|\0bita\d
=041  \\$aita
=245  \\$aLazaro Valvasensis, musicista di Valvasone
=260  \\$c1974
=500  \\$aOffprint from Rivista Itinerari 26/III Trimestre
=600  \0$aValvasensi, Lazaro$d1585-1661$1http://www.wikidata.org/entity/Q15825412$940121
=648  \0$a17th Century (1601-1700)$1http://www.wikidata.org/entity/Q7016$920923
=650  \0$aOrganist$1http://www.wikidata.org/entity/Q765778$94471
=650  \0$aOrgan shutter$1http://www.wikidata.org/entity/Q103960453$922815
=650  \0$aInstrumentation$1http://www.wikidata.org/entity/Q617028$923032
=650  \0$aFreedom$1http://www.wikidata.org/entity/Q310735$1http://www.wikidata.org/entity/Q108883749$923033
=651  \0$aValvasone (Italy)$1http://www.wikidata.org/entity/Q53203$924437
=700  \\$aFormentini, Valerio$4aut$910918
=700  \\$aStella, Loris$4aut$914216
=942  \\$cART
=952  \\$00$10$2ddc$40$6BIO_VALV_E$70$8BIO$97398$aORPH$bORPH$cKTS1_P$d2020-07-08$eKoopman$i23C06$l0$oBIO VALV e$p20128586$r2021-01-12 00:00:00$w2021-01-12$yART$OKoopman
=999  \\$d7400

