=LDR  00357    a2200109   4500
=001  7401
=100  \\$aFornasari, L.$910919
=245  \\$aBernardino Santini
=260  \\$c2000
=942  \\$cBOO
=952  \\$00$10$2ddc$40$6BIO_SANT2_D$70$8BIO$97399$aORPH$bORPH$cKTS1_P$d2020-07-08$eKoopman$i21G40$oBIO SANT2 d$p20125575$r2021-01-12 00:00:00$w2021-01-12$yBOO$OKoopman
=999  \\$c7401$d7401

