=LDR  01952aam a2200337   4500
=001  7403
=008  250227s1933\\\\||||||||\||||\00|\0bger\d
=041  \\$ager
=100  \\$aForster, Karl$910921$4aut
=245  \\$aÜber das Leben und die kirchenmusikalischen Werke des Giuseppe Antonio Bernabei,$bvice-bzw. Hofkapellmeister in München von 1677-1832
=260  \\$aMunich$bHuber$c1933
=300  \\$a117 pages
=600  10$aBernabei, Ercole$d1622-1687$1http://www.wikidata.org/entity/Q467856$939793
=600  \0$aChristina of Sweden$d1626-1689$1http://www.wikidata.org/entity/Q52937$921480
=600  \0$aSteffani, Agostino$d1654-1728$1http://www.wikidata.org/entity/Q395725$914420
=610  \0$aBasilica di S. Giovanni in Laterano (Rome, Italy)$1http://www.wikidata.org/entity/Q84090$91533
=610  \0$aSan Luigi dei Francesi (Rome, Italy)$1http://www.wikidata.org/entity/Q638283$939794
=610  \0$aBasilica di San Pietro (Rome, Italy)$1http://www.wikidata.org/entity/Q12512$939795
=610  \0$aHouse of Wittelsbach$1http://www.wikidata.org/entity/Q131621$923667
=648  \0$a17th Century (1601-1700)$1http://www.wikidata.org/entity/Q7016$920923
=650  \0$aComposer$1http://www.wikidata.org/entity/Q36834$93625
=650  \0$aOrganist$1http://www.wikidata.org/entity/Q765778$94471
=650  \0$aCourt$1http://www.wikidata.org/entity/Q1134237$922191
=650  \0$aCappella$1http://www.wikidata.org/entity/Q19902156$922910
=650  \0$aChurch music$1http://www.wikidata.org/entity/Q8812109$1http://www.wikidata.org/entity/Q1065742$92283
=650  \0$aBiography$1http://www.wikidata.org/entity/Q36279$91927
=651  \0$aRome (Italy)$1http://www.wikidata.org/entity/Q220$949
=651  \0$aMunich (Germany)$1http://www.wikidata.org/entity/Q1726$9268
=942  \\$cBOO
=952  \\$00$10$2ddc$40$6BIO_BERN_D$70$8BIO$97401$aORPH$bORPH$cKTS1_P$d2020-07-08$eKoopman$i32C17$oBIO BERN d$p20122903$r2021-01-12 00:00:00$w2021-01-12$yBOO
=999  \\$d7403

