=LDR  03638pam a2200517 a 4500
=001  7404
=005  20250925143257.0
=008  860501s1987\\\\enkacg\\\b\\\\011\0\eng\\
=020  \\$a0521323487
=040  \\$aOI
=041  \\$aeng
=100  \\$4dte$aDean, Winton$d1916-2013$910409
=245  00$aMusic and Theatre:$bEssays in Honour of Winton Dean
=260  \\$aCambridge$bCambridge University Press$c1987
=300  \\$axv-389 pages$bill., music, port. ;$c24 cm.
=504  \\$a"A bibliography of the writings of Winton Dean / compiled by Stephen Dean": p. 367-389.
=505  \\$aPreface -- Winton Dean / Philip Radcliffe -- Political allegory in late-seventeenth-century English opera / Curtis A. Price -- Acis, Galatea and Polyphemus: a 'serenata a tre voci'? / Brian Trowell -- George I's Venetian palace and theatre boxes in the 1720s / Colin Timms -- Vivaldi's and Handel's settings of Giustino / Reinhard Strohm -- Handel and Charles Jennens's Italian opera manuscripts / John H. Roberts -- Handel, Jennens and Saul: aspects of a collaboration / Anthony Hicks -- 'L'art dramatico-musical': an essay / David Charlton -- Mendelssohn's operas / John Warrack -- Wagnerian tendencies in Italian opera / Julian Budden -- The cathartic slow waltz and other finale conventions in Janácek's operas / John Tyrrell -- Grimes and Lucretia / Philip Brett -- A bibliography of the writings of Winton Dean / Stephen Dean
=600  \0$aVivaldi, Antonio$d1678-1741$1http://www.wikidata.org/entity/Q1340$911980
=600  \0$aHandel, George Frideric$d1685-1759$1http://www.wikidata.org/entity/Q7302$94765
=600  \0$aGeorge I$cKing of Great Britain$d1660-1727$1http://www.wikidata.org/entity/Q130805$923220
=600  \0$aJennens, Charles$d1700-1773$1http://www.wikidata.org/entity/Q1065074$910767
=600  \0$aMendelssohn-Bartholdy, Felix$d1809-1847$1http://www.wikidata.org/entity/Q46096$94998
=600  \0$aWagner, Richard$d1813-1883$1http://www.wikidata.org/entity/Q1511$97120
=600  \0$aJanáček, Leoš$d1854-1928$1http://www.wikidata.org/entity/Q184933$923218
=600  \0$aBritten, Benjamin$d1913-1976$1http://www.wikidata.org/entity/Q150767$99904
=600  \0$aDean, Winton$d1916-2013$910409
=648  \0$a17th Century (1601-1700)$1http://www.wikidata.org/entity/Q7016$920923
=648  \0$a18th Century (1701-1800)$1http://www.wikidata.org/entity/Q7015$920899
=648  \0$a19th Century (1801-1900)$1http://www.wikidata.org/entity/Q6955$920935
=648  \0$a20th Century (1901-2000)$1http://www.wikidata.org/entity/Q6927$920936
=650  \0$aOpera$1http://www.wikidata.org/entity/Q1344$92468
=650  \0$aOratorio$1http://www.wikidata.org/entity/Q85477$91825
=650  \0$aInfluence$1http://www.wikidata.org/entity/Q1307337$922289
=650  \0$aPolitics$1http://www.wikidata.org/entity/Q7163$921826
=650  \0$aManuscript$1http://www.wikidata.org/entity/Q87167$92275
=650  \0$aAllegory$1http://www.wikidata.org/entity/Q18535$93718
=650  \0$aTheater$1http://www.wikidata.org/entity/Q24354$92225
=650  \0$aCastle$1http://www.wikidata.org/entity/Q23413$92088
=650  \0$aMythology$1http://www.wikidata.org/entity/Q9134$921600
=651  \0$aItaly$1http://www.wikidata.org/entity/Q38$922
=651  \0$aVenice (Italy)$1http://www.wikidata.org/entity/Q641$91
=651  \0$aUnited Kingdom$1http://www.wikidata.org/entity/Q21$9273
=700  \\$aFortune, Nigel$4edt$910922
=942  \\$cBOO
=952  \\$00$10$2ddc$40$6REF_4_000000000000000_DEAN$70$8REF$97402$aORPH$bORPH$cKM12_1$d2020-07-08$eKoopman$i38C36$l2$oREF4 DEAN$p20120414$r2022-08-10 00:00:00$s2022-08-09$w2021-01-12$yBOO
=999  \\$d7404

