=LDR  00391    a2200121   4500
=001  7406
=020  \\$a2852546760
=100  \\$aFouque, R.$910924
=245  \\$aLes Lettres du Chateau d'Assas
=260  \\$c1978
=942  \\$cBOO
=952  \\$00$10$2ddc$40$6BIO_CHAT_A$70$8BIO$97404$aORPH$bORPH$cKTS1_P$d2020-07-08$eKoopman$i19G12$oBIO CHAT a$p20125205$r2021-01-12 00:00:00$w2021-01-12$yBOO$OKoopman
=999  \\$c7406$d7406

