=LDR  01249aam a2200217   4500
=001  7410
=008  241217s1968\\\\|||a||||\||||\00|\0\eng\d
=041  \\$aeng
=100  \\$aFraenkel, Gottfried$910928
=245  \\$aDecorative Music Title Pages.$b201 examples from 1500 to 1800,$cselected, introduced and annotated by Gottfried S. Fraenkel
=246  \1$aPictorial and Decorative Title Pages from Music Sources.$b201 examples from 1500 to 1800,
=260  \\$c1968$aNew York$bDover
=300  \\$a230 pages
=500  \\$atwo editions of the same book, the brown one is Decorative Music Title Pages, the blue copy is Pictorial and Decorative Title Pages ...
=650  \0$aMusic printing$1http://www.wikidata.org/entity/Q64416036$94007
=650  \0$aPublishing$1http://www.wikidata.org/entity/Q3972943$93049
=650  \0$aFine art$1http://www.wikidata.org/entity/Q219625$921579
=942  \\$cBOO
=952  \\$00$10$2ddc$40$6BIB_3_000000000000000_FRAE$70$8BIB$97408$aORPH$bORPH$cKTS0$d2020-07-08$eKoopman$i18B38$l0$oBIB3 FRAE$p20127721$r2021-01-12 00:00:00$w2021-01-12$yBOO$OKoopman
=952  \\$00$10$2ddc$40$6BIB_3_000000000000000_FRAE$70$8BIB$924975$aORPH$bORPH$cKTS0$d2020-07-08$eThwaites$l0$oBIB3 FRAE$p20130008$r2024-12-17 17:26:56$w2021-01-12$yBOO
=999  \\$d7410

