=LDR  01141cam a2200277 i 4500
=001  7412
=005  20250120120205.0
=008  770301s1977\\\\nyuc\\\\\b\\\\001\0beng\\
=020  \\$a015133465X
=040  \\$aOI
=041  \\$aeng
=100  \\$aFrame, Donald Murdoch$d1911-1991$4aut$910930
=245  00$aFrançois Rabelais:$bA Study
=250  \\$a1st ed.
=260  \\$aNew York$bHarcourt Brace Jovanovich$c1977
=300  \\$axviii-238 pages$bportrait$c25 cm
=504  \\$aBibliography: p. 219-225.
=600  \0$aRabelais, François$dc. 1490-1553?$1http://www.wikidata.org/entity/Q131018$910931
=648  \0$a16th Century (1501-1600)$1http://www.wikidata.org/entity/Q7017$920944
=650  \0$aWriter$1http://www.wikidata.org/entity/Q36180$93885
=650  \0$aBiography$1http://www.wikidata.org/entity/Q36279$91927
=650  \0$aNovel$1http://www.wikidata.org/entity/Q8261$921629
=651  \0$aFrance$1http://www.wikidata.org/entity/Q142$9131
=942  \\$cBOO
=952  \\$00$10$2ddc$40$6LIT_RABE_B_FRAM$70$8LIT$97410$aORPH$bORPH$cKM12_2_H$d2020-07-08$eKoopman$i25E19$oLIT RABE b FRAM$p20129354$r2021-01-12 00:00:00$w2021-01-12$yBOO
=999  \\$d7412

