=LDR  00357    a2200109   4500
=001  7414
=100  \\$aFranceschetti, G.$910933
=245  \\$aCartoline Amorose
=260  \\$c1994
=942  \\$cBOO
=952  \\$00$10$2ddc$40$6VIS_FRAN$70$8VIS$97412$aORPH$bORPH$cKTS1_H$d2020-07-08$eKoopman$i22C25$l0$oVIS FRAN$p20125706$r2021-01-12 00:00:00$w2021-01-12$yBOO$OKoopman
=999  \\$c7414$d7414

