=LDR  00356    a2200109   4500
=001  7416
=100  \\$aFrancia, E.$910935
=245  \\$aIl Tesoro di S. Pietro
=260  \\$c1975
=942  \\$cBOO
=952  \\$00$10$2ddc$40$6VIS_FRAN$70$8VIS$97414$aORPH$bORPH$cKTS1_H$d2020-07-08$eKoopman$i24C20$l0$oVIS FRAN$p20129038$r2021-01-12 00:00:00$w2021-01-12$yBOO$OKoopman
=999  \\$c7416$d7416

