=LDR  01048cam a22002534a 4500
=001  7418
=005  20250120120155.0
=008  000607s1999\\\\be\a\\\\\b\\\\001\0dfre\\
=020  \\$a2870097131
=040  \\$aOI
=100  \\$aFranck, César$d1822-1890$1http://www.wikidata.org/entity/Q50187$910937
=240  10$9304$aCorrespondence.$kSelections
=245  10$aCorrespondance /$cCésar Franck ; réunie, annotée et présentée par Joël-Marie Fauquet.
=260  \\$aLiège :$bMardaga,$cc1999.
=300  \\$a317 p. :$bill. ;$c24 cm.
=504  \\$aIncludes bibliographical references and indexes.
=600  \0$aFranck, César$917954
=650  \0$aComposer$1http://www.wikidata.org/entity/Q36834$93625
=700  \\$aFauquet, Joël-Marie$99683
=942  \\$cBOO
=952  \\$00$10$2ddc$40$6BIO_FRAN_E$70$8BIO$97416$aORPH$bORPH$cKTS1_P$d2020-07-08$eKoopman$i35B13$oBIO FRAN e$p20120777$r2021-01-12 00:00:00$w2021-01-12$yBOO$OKoopman
=999  \\$c7418$d7418
=490  \\$aCollection Musique, musicologie
=651  \0$aFrance$1http://www.wikidata.org/entity/Q142$9131

