=LDR  00361    a2200109   4500
=001  7419
=100  \\$aFranck, Hans$910939
=245  \\$aDie Pilgerfahrt nach Lübeck
=260  \\$c1958
=942  \\$cBOO
=952  \\$00$10$40$6BIO_BACH1_E$70$8BIO$97417$aORPH$bORPH$cKTS1_P$d2020-07-08$eKoopman$i44E30$oBIO BACH1 e$p20126568$r2021-01-12 00:00:00$w2021-01-12$yBOO$OKoopman
=999  \\$c7419$d7419

