=LDR  01032aab a2200217   4500
=001  7423
=008  240506s2013\\\\||||||||\||||\00|\0\ita\d
=041  \\$aita
=100  \\$aFrançois, C.$910943$4aut
=245  \\$aIl coretto dei sovrani in S. Felicita:$bdocumento e ipotesi
=260  \\$aFlorence$c2013
=500  \\$aOffprint from Amici di Palazzo Pitti. Bollettino, 2012 (2013), 62-81
=610  \0$aChiesa di Santa Felicita (Florence)$1http://www.wikidata.org/entity/Q1069665$924490
=610  \0$aHouse of Medici$1http://www.wikidata.org/entity/Q170022$922339
=650  \0$aChurch$1http://www.wikidata.org/entity/Q16970$93776
=650  \0$aArchitecture$1http://www.wikidata.org/entity/Q12271$93185
=650  \0$aNobility$1http://www.wikidata.org/entity/Q134737$93602
=651  \0$aFlorence (Italy)$1http://www.wikidata.org/entity/Q2044$9248
=942  \\$cART
=952  \\$00$10$2ddc$40$6TOP_IT_FLO$70$8TOP$97421$aORPH$bORPH$cKTS0$d2020-07-08$eKoopman$i43C17$l0$oTOP IT.FLO$p20127191$r2021-01-12 00:00:00$w2021-01-12$yART$OKoopman
=999  \\$d7423

