=LDR  00828aam a2200193   4500
=001  7426
=008  250715s1922\\\\||||||||\||||\00|\1\fre\d
=041  \\$afre
=100  \\$aFrank, Gerhard R. W. $910945$4edt
=245  \\$aLa Passion du Palatinus.$bMystère du XIVe siècle
=260  \\$aParis$bChampion$c1922
=490  \\$aClassiques français du moyen âge$v30
=648  \0$aMiddle Ages (500-1400)$1http://www.wikidata.org/entity/Q12554$920964
=650  \0$aPassion$1http://www.wikidata.org/entity/Q781815$92006
=650  \0$aMystery play$1http://www.wikidata.org/entity/Q240911$940265
=651  \0$aFrance$1http://www.wikidata.org/entity/Q142$9131
=942  \\$cBOO
=952  \\$00$10$2ddc$40$6LIT_FRAN_A$70$8LIT$97424$aORPH$bORPH$cKM12_2_H$d2020-07-08$eKoopman$i43D07$oLIT FRAN a$p20126527$r2021-01-12 00:00:00$w2021-01-12$yBOO
=999  \\$d7426

