=LDR  01124cam a2200265 a 4500
=001  7428
=005  20241106174143.0
=008  880510m19899999enkacgh\\b\\\\001\0deng\\
=020  \\$a0521341051
=020  \\$a0521470676 (v. 2)
=040  \\$aOI
=245  00$aBach studies /$cedited by Don O. Franklin.
=260  \\$aCambridge [England] ;$aNew York :$bCambridge University Press,$c1989-<1995   >
=300  \\$av. <1-2   > :$bill., ports., music, facsims. ;$c24 cm.
=504  \\$aIncludes bibliographical references and index.
=500  \\$aVol. 2 edited by Daniel R. Melamed.
=600  10$aBach, Johann Sebastian,$d1685-1750$xCriticism and interpretation.
=600  30$aBach family.
=700  1\$aFranklin, Don O.
=700  1\$aMelamed, Daniel R.
=856  \\$uhttp://www.loc.gov/catdir/toc/cam023/88015961.html$3Table of contents
=856  \\$uhttp://www.loc.gov/catdir/description/cam023/88015961.html$3Publisher description
=952  \\$00$10$40$6BIO_BACH1_E$70$8BIO$97426$aORPH$bORPH$cKTS1_P$d2020-07-08$eKoopman$i32A31$oBIO BACH1 e$p20122969$r2021-01-12 00:00:00$w2021-01-12$yBOO$OKoopman
=999  \\$c7428$d7428
=942  \\$cBOO

