=LDR  00989cam a2200253 a 4500
=001  7430
=005  20250120120140.0
=008  940422s1993\\\\\\\a\\\\\b\\\\001\0\eng\\
=020  \\$a887431342
=040  \\$aOI
=041  1\$aeng$hita
=100  \\$aFranzoi, Umberto$4aut$910948
=245  14$aThe Grand Canal
=260  \\$bArsenale Editrice$c1993
=300  \\$a319 pages$billustrations (some color)$c33 cm
=504  \\$aIncludes bibliographical references (p. 311) and indexes.
=590  \\$atext by Umberto Franzoi ; photographs by Mark Smith ; adapted by Daniel Wheeler.
=650  \0$aArchitecture$1http://www.wikidata.org/entity/Q12271$93185
=651  \0$aVenice (Italy)$1http://www.wikidata.org/entity/Q641$91
=700  \\$aSmith, Mark$4pht$926133
=700  \\$aGeorge, William$4trl$926134
=942  \\$cBOO
=952  \\$00$10$2ddc$40$6TOP_IT_VEN1$70$8TOP$97428$aORPH$bORPH$cKTS0$d2020-07-08$eKoopman$i12G27$l0$oTOP IT.VEN1$p20125560$r2021-01-12 00:00:00$w2021-01-12$yBOO$OKoopman
=999  \\$d7430

