=LDR  00976aam a2200229   4500
=001  7431
=005  20250922143432.0
=008  250922s2007\\\\|||oca||\||||\00|\0\eng\d
=041  \\$aeng
=245  \\$aTown Hall Birmingham.$bA history in pictures
=260  \\$c2007$aWoodbridge$bBoydell Press
=300  \\$a128 pages
=610  \0$aTown Hall Birmingham$1http://www.wikidata.org/entity/Q2191338$941313
=650  \0$aConcert$1http://www.wikidata.org/entity/Q182832$921044
=650  \0$aArchitecture$1http://www.wikidata.org/entity/Q12271$93185
=650  \0$aMusic history$1http://www.wikidata.org/entity/Q846047$921373
=651  \0$aBirmingham (United Kingdom)$1http://www.wikidata.org/entity/Q2256$941312
=700  \\$aFraser, Fiona$4aut$910949
=700  \\$aJenkins, Lyndon$4aut$941311
=942  \\$cBOO
=952  \\$00$10$2ddc$40$6TOP_GB_BIR$70$8TOP$97429$aORPH$bORPH$cKTS0$d2020-07-08$eKoopman$i38F24$l0$oTOP GB.BIR$p20122331$r2021-01-12 00:00:00$w2021-01-12$yBOO$OKoopman
=999  \\$d7431

