=LDR  01157cam a2200241 i 4500
=001  7436
=008  790320s1977\\\\-ukaf\\\\b\\\\001\0beng\\
=041  \\$aeng
=100  \\$aFreeman, Andrew$d1876-1947$910952$4aut
=245  10$aFather Smith. Otherwise Bernard Schmidt, being an Account of a Seventeenth Century Organ Maker
=260  \\$aOxford $bPositif Press$c1977
=300  \\$a238 pages$bill. $c25 cm
=504  \\$aBibliography: p. [209]-211.
=600  \0$aSmith, Bernard$d1630?-1708$1http://www.wikidata.org/entity/Q2898630$910953
=648  \0$a17th Century (1601-1700)$1http://www.wikidata.org/entity/Q7016$920923
=650  \0$aOrgan$1http://www.wikidata.org/entity/Q1444$92810
=650  \0$aOrgan$1http://www.wikidata.org/entity/Q1444$92810
=650  \0$aMusic history$1http://www.wikidata.org/entity/Q846047$921373
=651  \0$aUnited Kingdom$1http://www.wikidata.org/entity/Q21$9273
=700  \\$aRowntree, John Pickering$910954$4aut
=942  \\$cBOO
=952  \\$00$10$2ddc$40$6INS_3_000000000000000_1B_SCHM$70$8INS$97434$aORPH$bORPH$cKTS0$d2020-07-08$eKoopman$i32F32$l0$oINS3.1b SCHM$p20123069$r2021-01-12 00:00:00$w2021-01-12$yBOO$OKoopman
=999  \\$d7436

