=LDR  01862cam a2200277 a 4500
=001  7439
=005  20250820153550.0
=008  050124s2004\\\\gw\g\\\\\b\\\\001\0\ger\d
=020  \\$a3487126885
=040  \\$aOHX$cOHX$dGZM$dDLC
=041  \\$ager
=100  \\$aFreiberg, Irmtraut$4aut$910957
=245  14$aDer frühe italienische Generalbass dargestellt anhand der Quellen von 1595 bis 1655
=260  \\$aHildesheim$aNew York$bOlms$c2004
=300  \\$a2 vols.$c21 cm.
=490  \\$aStudien und Materialien zur Musikwissenschaft
=504  \\$aIncludes bibliographical references (p. [831]-862) and indexes.
=505  0\$aBd. 1. Traktate und Vorworte. Einleitung ; Schriftliche Quellen zum frühen Generalbassspiel in Italien (Italienische und deutsche Traktate ; Weitere italienische Traktate im Überblick ; Vor- und Nachworte zu Musikdrucken, Briefe ; Bezeichnungen der B.c.-Stimme auf Titelblättern von Drucken mit Vokal- und/oder Instrumentalwerken in der Zeit von 1585 bis 1650) -- Bd. 2. Notenbeispiele. Beispiele zus Vokalwerken ; Beispiele aus Instrumentalwerken ; Beispielhafte Aussetzungen.
=648  \0$a17th Century (1601-1700)$1http://www.wikidata.org/entity/Q7016$920923
=650  \0$aBasso continuo$1http://www.wikidata.org/entity/Q724321$921065
=650  \0$aHistorically informed performance$1http://www.wikidata.org/entity/Q1344860$920980
=651  \0$aItaly$1http://www.wikidata.org/entity/Q38$922
=942  \\$cBOO$2ddc
=952  \\$00$10$2ddc$3Band 1: Traktate und Vorworte$40$6TOP_IT_5_000000000000000$70$8TOP$97437$aORPH$bORPH$cKTS0$d2020-07-08$eKoopman$i35D18-1$l0$oTOP IT 5$p20120705$r2021-01-12 00:00:00$w2021-01-12$yBOO
=952  \\$00$10$2ddc$3Band 2: Notenbeispiele$40$6TOP_IT_5_000000000000000$70$8TOP$97438$aORPH$bORPH$cKTS0$d2020-07-08$eKoopman$i35D18-2$l0$oTOP IT 5$p20120704$r2021-01-12 00:00:00$w2021-01-12$yBOO
=999  \\$c7439$d7439

