=LDR  01985cam a2200349 a 4500
=001  7441
=005  20250121142122.0
=008  090204s2009\\\\enkaf\\\\b\\\\001\0beng\\
=020  \\$a9780521885218
=040  \\$aOI
=041  \\$aeng
=100  \\$aFreitas, Roger$4aut$910958
=245  10$aPortrait of a Castrato:$bPolitics, Patronage, and Music in the Life of Atto Melani
=260  \\$aCambridge$aNew York$bCambridge University Press$c2009
=300  \\$axx-431 pages$c26 cm
=490  0\$aNew Perspectives in Music History and Criticism
=504  \\$aIncludes bibliographical references (p. [390]-417) and index.
=505  0\$aCreating a castrato -- The politics of patronage: 1638-1653 -- In pursuit of prestige: 1653-1655 -- The sexuality of the castrato -- Disgrace and transformation: 1656-1671 -- Atto Melani and the cantata -- Completing the portrait: 1671-1714.
=600  \0$aMelani, Atto$d1626-1714$1http://www.wikidata.org/entity/Q634239$910959
=648  \0$a17th Century (1601-1700)$1http://www.wikidata.org/entity/Q7016$920923
=648  \0$a18th Century (1701-1800)$1http://www.wikidata.org/entity/Q7015$920899
=650  \0$aCastrato$1http://www.wikidata.org/entity/Q210970$92704
=650  \0$aDiplomat$1http://www.wikidata.org/entity/Q193391$92940
=650  \0$aBiography$1http://www.wikidata.org/entity/Q36279$91927
=651  \0$aParis (France)$1http://www.wikidata.org/entity/Q90$9160
=651  \0$aRome (Italy)$1http://www.wikidata.org/entity/Q220$949
=856  \\$uhttp://www.loc.gov/catdir/enhancements/fy0906/2009004949-b.html$3Contributor biographical information
=856  \\$uhttp://www.loc.gov/catdir/enhancements/fy0906/2009004949-d.html$3Publisher description
=856  \\$uhttp://www.loc.gov/catdir/enhancements/fy0906/2009004949-t.html$3Table of contents only
=942  \\$cBOO
=952  \\$00$10$2ddc$40$6BIO_MELA_D$70$8BIO$97439$aORPH$bORPH$cKTS1_P$d2020-07-08$eKoopman$i42F38$oBIO MELA d$p20121977$r2021-01-12 00:00:00$w2021-01-12$yBOO
=999  \\$d7441

