=LDR  00771aam a2200181   4500
=001  7450
=008  230707s1957\\\\|||a||||\||||\00|\0dger\d
=041  \\$ager
=100  \\$aFreyse, C.$910962$4aut
=245  \\$aDie Ohrdrufer Bache in der Silhouette$bJohann Sebastian Bachs ältester Bruder Johann Christoph und seine Nachkommen
=260  \\$c1957$aEisenach$bRoth
=300  \\$a113 pages
=610  \0$1http://www.wikidata.org/entity/Q169509$aBach family$922324
=650  \0$1http://www.wikidata.org/entity/Q309$aHistory$921403
=650  \0$1http://www.wikidata.org/entity/Q36279$aBiography$91927
=942  \\$cBOO
=952  \\$00$10$2ddc$40$6BIO_BACH0_D$70$8BIO$97448$aORPH$bORPH$cKTS1_P$d2020-07-08$eKoopman$i32A05$oBIO BACH0 d$p20121000$r2021-01-12 00:00:00$w2021-01-12$yBOO
=999  \\$d7450

