=LDR  01165aam a2200253   4500
=001  7453
=008  240319s2003\\\\||||||||\||||\00|\0\ger\d
=020  \\$a3902143045
=041  \\$ager
=100  \\$aFrieberger, Rupert Gottfried$4aut$910964
=245  \\$aGlaube klingt -$bEvangelische Musik in Oberösterreich
=260  \\$aSteinbach an der Steyr$bFabian$c2003
=300  \\$a22 pages
=590  \\$aMit einem Exkurs von Günter Merz: Kurze Geschichte des evangelischen Gesangbuches in Österreich
=650  \0$aMusic history$1http://www.wikidata.org/entity/Q846047$921373
=650  \0$aChurch music$1http://www.wikidata.org/entity/Q8812109$92283
=650  \0$aProtestantism$1http://www.wikidata.org/entity/Q23540$921012
=651  \0$aAustria$1http://www.wikidata.org/entity/Q40$9202
=651  \0$aOberösterreich (Austria)$1http://www.wikidata.org/entity/Q41967$939225
=700  \\$aFrieberger, Rupert Gottfried$4aut$910964
=700  \\$aMetz, G.$4aut$927187
=942  \\$cBOO
=952  \\$00$10$2ddc$40$6TOP_AT_0_000000000000000$70$8TOP$97451$aORPH$bORPH$cKTS0$d2020-07-08$eKoopman$i25A29$l0$oTOP AT 0$p20129180$r2021-01-12 00:00:00$w2021-01-12$yBOO$OKoopman
=999  \\$d7453

