=LDR  01130cam a2200265 a 4500
=001  7455
=008  981001s1996\\\\au\a\\\\\\\\\\000\0\ger\d
=010  \\$a   98204993 
=020  \\$a3900590834
=041  \\$ager
=245  00$aBeiträge zum oberösterreichischen Orgelbau
=260  \\$aInnsbruck $bMusikverlag Helbling$c1996
=300  \\$a256 pages$bill. $c24 cm
=490  \\$aMusikwissenschaftliche Beiträge der Schlägler Musikseminare 
=650  \0$aOrgan$1http://www.wikidata.org/entity/Q1444$92810
=650  \0$aOrgan music$1http://www.wikidata.org/entity/Q2003283$91951
=651  \0$aAustria$1http://www.wikidata.org/entity/Q40$9202
=700  \\$aFrieberger, Rupert Gottfried$4edt$910964
=700  \\$aMelchersson, Ingemar$d-1946$4ctb$1http://www.wikidata.org/entity/Q1662992$921954
=700  \\$aPichler, Isfried H.$4ctb$923668
=700  \\$aSonnleitner, Klaus$d-1970$4ctb$923669
=700  \\$aUhl, Eleonore$4ctb$923670
=942  \\$cBOO
=952  \\$00$10$2ddc$40$6INS_3_000000000000000_1A_AT$70$8INS$97453$aORPH$bORPH$cKTS0$d2020-07-08$eKoopman$i31E25$oINS3.1a AT$p20123206$r2021-01-12 00:00:00$w2021-01-12$yBOO
=999  \\$d7455

