=LDR  01407nam a2200289 a 4500
=001  7458
=005  20250120120019.0
=008  930209s1992\\\\gw\af\\\\b\\\\001\0afre\\
=020  \\$a3740001054
=040  \\$aOI
=041  0\$afre$bger
=100  \\$aFriedrich Christian$cElector of Saxony$d1722-1763$1http://www.wikidata.org/entity/Q58020$910967
=245  14$aDas geheime politische Tagebuch des Kurprinzen Friedrich Christian, 1751 bis 1757 /$cbearbeitet und eingeleitet von Horst Schlechte.
=260  \\$aWeimar :$bH. Böhlau,$c1992.
=300  \\$a492 p., [24] p. of plates :$bill. ;$c25 cm.
=490  \\$aSchriftenreihe des Staatsarchivs Dresden,
=504  \\$aIncludes bibliographical references and indexes.
=600  \0$aFriedrich Christian$cElector of Saxony$d1722-1763$1http://www.wikidata.org/entity/Q58020$910967
=650  \0$aDiary$1http://www.wikidata.org/entity/Q185598$921711
=650  \0$aDiary$1http://www.wikidata.org/entity/Q185598$921711
=651  \0$aSaxony (Germany)$1http://www.wikidata.org/entity/Q1202$955
=651  \0$aSaxony (Germany)$1http://www.wikidata.org/entity/Q1202$955
=651  \0$aEurope$1http://www.wikidata.org/entity/Q46$991
=700  \\$aSchlechte, Horst$910969
=942  \\$cBOO
=952  \\$00$10$2ddc$40$6BIO_FRIE_A$70$8BIO$97456$aORPH$bORPH$cKTS1_P$d2020-07-08$eKoopman$i34B21$oBIO FRIE a$p20122596$r2021-01-12 00:00:00$w2021-01-12$yBOO$OKoopman
=999  \\$c7458$d7458

