=LDR  01307aam a2200253   4500
=001  7459
=008  231002s1914\\\\|||af|||\||||\00|\i\ger\d
=041  \\$ager
=100  \\$aFriedrich II.$d1712-1786$1http://www.wikidata.org/entity/Q33550$4crp$97289
=245  \\$aBriefe Friedrichs des Großen
=260  \\$aBerlin$bDobbing$c1914
=300  \\$a2 vols. (320+286 pages), plates
=648  \0$1http://www.wikidata.org/entity/Q7015$a18th Century (1701-1800)$920899
=650  \0$1http://www.wikidata.org/entity/Q1784733$aCorrespondence$921392
=650  \0$1http://www.wikidata.org/entity/Q134737$aNobility$93602
=650  \0$1http://www.wikidata.org/entity/Q12539$aEnlightenment$94532
=651  \0$1http://www.wikidata.org/entity/Q38872$aPrussia (Germany)$9231
=700  \\$4edt$926547$aHein, Max$dfl. 1914
=700  \\$4trl$aOppeln-Bronikowski, Friedrich von$926550
=700  \\$4trl$926551$aKönig, Eberhard
=942  \\$cBOO
=952  \\$00$10$2ddc$3Erster Band$40$6BIO_FRIE_A$70$8BIO$97457$aORPH$bORPH$cKTS1_P$d2020-07-08$eKoopman$i41F19_01$l0$oBIO FRIE a$p20120108$r2021-01-12 00:00:00$w2021-01-12$yBOO$OKoopman
=952  \\$00$10$2ddc$3Zweiter Band$40$6BIO_FRIE_A$70$8BIO$97458$aORPH$bORPH$cKTS1_P$d2020-07-08$eKoopman$i41F19_02$l0$oBIO FRIE a$p20120107$r2021-01-12 00:00:00$w2021-01-12$yBOO$OKoopman
=999  \\$d7459

