=LDR  01093nam a2200265 cb4500
=001  7461
=003  OI
=005  20250121142122.0
=008  200727s1988\\\\\\\a|||\\||||\00|||\ger\d
=040  \\$aOI
=041  0\$ager
=100  \\$aFriedrich, Felix$d1945-$4aut$910972
=245  10$aJohann Ludwig Krebs.$bLeben und Werk
=250  \\$a1st ed.
=260  \\$aAltenburg$bSchloß- u. Spielkartenmuseum$c1988
=300  \\$a35 pages$billustrations
=490  1\$aBeiträge zur Altenburger Heimatgeschichte$v13
=600  \0$aKrebs, Johann Ludwig$d1713-1780$1http://www.wikidata.org/entity/Q704174$98784
=648  \0$a18th Century (1701-1800)$1http://www.wikidata.org/entity/Q7015$920899
=650  \0$aComposer$1http://www.wikidata.org/entity/Q36834$93625
=650  \0$aBiography$1http://www.wikidata.org/entity/Q36279$91927
=651  \0$aAltenburg (Germany)$1http://www.wikidata.org/entity/Q15976$927416
=942  \\$cBOO
=952  \\$00$10$2ddc$40$6BIO_KREB_D$70$8BIO$97459$aORPH$bORPH$cKTS1_P$d2020-07-08$eKoopman$i23G39$l0$oBIO KREB d$p20125743$r2021-01-12 00:00:00$w2021-01-12$yBOO$OKoopman
=999  \\$d7461

