=LDR  01117cam a2200241 a 4500
=001  7462
=008  910612s1989\\\\gw\a\\\\\b\\\\001\0\ger\\
=041  \\$ager
=100  \\$aFriedrich, Felix$d1945-$4aut$910972
=245  14$aDer Orgelbauer Heinrich Gottfried Trost.$bLeben, Werk, Leistung
=250  \\$a1. Auflage
=260  \\$aWiesbaden$bBreitkopf & Härtel$c1989
=300  \\$a227 pages$bill. (some col.) $c25 cm
=504  \\$aIncludes bibliographical references (p. 101-105) and index.
=600  \0$aTrost, Heinrich Gottfried$dc. 1681-1759$910973
=648  \0$1http://www.wikidata.org/entity/Q7015$a18th Century (1701-1800)$920899
=650  \0$aOrgan$1http://www.wikidata.org/entity/Q1444$92810
=650  \0$aOrganology$1http://www.wikidata.org/entity/Q899293$921400
=650  \0$aBiography$1http://www.wikidata.org/entity/Q36279$91927
=651  \0$aGermany$1http://www.wikidata.org/entity/Q183$9155
=942  \\$cBOO
=952  \\$00$10$2ddc$40$6INS_3_000000000000000_1B_TROS$70$8INS$97460$aORPH$bORPH$cKTS0$d2020-07-08$eKoopman$i24B45$l0$oINS3.1b TROS$p20128790$r2021-01-12 00:00:00$w2021-01-12$yBOO$OKoopman
=999  \\$d7462

