=LDR  00777aam a2200193   4500
=001  7468
=008  230316s1959\\\\dk\f||||\||||\00|\0\dan\d
=041  \\$adan
=100  \\$aFriis, Niels$910976$4aut
=245  \\$aTh. Frobenius & Co. (1909-1959)
=260  \\$c1959$bKongens Lyngby
=300  \\$a120 pages
=610  \0$aFrobenius Orgelbyggeri (Birkerød, Danmark)$925399
=650  \0$aOrgan$1http://www.wikidata.org/entity/Q1444$92810
=650  \0$aOrganology$1http://www.wikidata.org/entity/Q899293$921400
=651  \0$aDenmark$1http://www.wikidata.org/entity/Q35$921295
=942  \\$cBOO
=952  \\$00$10$2ddc$40$6INS_3_000000000000000_1B_FROB$70$8INS$97466$aORPH$bORPH$cKTS0$d2020-07-08$eKoopman$i24A53$l0$oINS3.1b FROB$p20128763$r2021-01-12 00:00:00$w2021-01-12$yBOO$OKoopman
=999  \\$d7468

