=LDR  00889    a2200205   4500
=001  7469
=008  220506s1969\\\\dk\\||||\||||\00|\0\dan\d
=041  \\$adan
=100  \\$aFriis, Niels$4aut$910976
=245  \\$aHelsingÌr Domkirke. Sct. Olai Kirkes Orgel 1559-1969
=260  \\$c1969$aHelsingør$bHelsingør Bogtrykergården
=300  \\$a48 pages
=336  \\$aprinted
=610  \0$aSankt Olai Kirke (Helsingør, Denmark)$1http://www.wikidata.org/entity/Q2061425$924095
=650  \0$aOrgan$1http://www.wikidata.org/entity/Q1444$92810
=650  \0$aOrganology$1http://www.wikidata.org/entity/Q899293$921400
=651  \0$aHelsingør (Denmark)$1http://www.wikidata.org/entity/Q26881$9126
=942  \\$cBOO
=952  \\$00$10$2ddc$40$6INS_3_000000000000000_1E_DK_HEL$70$8HUM$97467$aORPH$bORPH$cKTS0$d2020-07-08$eKoopman$i24B67$oINS3.1e DK.HEL$p20128770$r2021-01-12 00:00:00$w2021-01-12$yBOO
=999  \\$d7469

