=LDR  00370    a2200109   4500
=001  7470
=100  \\$aFriis, Niels$910976
=245  \\$aBuxtehude Hans by og Hans Orgel
=260  \\$c1960
=942  \\$cBOO
=952  \\$00$10$2ddc$40$6BIO_BUXT_E$70$8BIO$97468$aORPH$bORPH$cKTS1_P$d2020-07-08$eKoopman$i30B35$l0$oBIO BUXT e$p20123391$r2021-01-12 00:00:00$w2021-01-12$yBOO$OKoopman
=999  \\$c7470$d7470

