=LDR  01134cam a2200253 a 4500
=001  7476
=005  20250120120019.0
=008  951208s1995\\\\ne\a\\\\\b\\\\001\0bdut\\
=020  \\$a9061684021
=040  \\$aOI
=100  \\$aFrijhoff, Willem$910977
=245  10$aWegen van Evert Willemsz. :$been Hollands weeskind op zoek naar zichzelf, 1607-1647 /$cWillem Frijhoff.
=260  \\$aNijmegen :$bSUN,$cc1995.
=300  \\$a928 p. :$bill. (some col.) ;$c25 cm.
=490  1\$aMemoria
=504  \\$aIncludes bibliographical references and indexes.
=600  \0$aBogaert, Evert Willemsz.$d1607-1647$1http://www.wikidata.org/entity/Q5416920$910979
=648  \0$a17th Century (1601-1700)$1http://www.wikidata.org/entity/Q7016$920923
=650  \0$aBiography$1http://www.wikidata.org/entity/Q36279$91927
=651  \0$aNetherlands$1http://www.wikidata.org/entity/Q55$9173
=651  \0$aNew York City (USA)$1http://www.wikidata.org/entity/Q60$959
=942  \\$cBOO
=952  \\$00$10$2ddc$40$6BIO_WILL6_D$70$8BIO$97474$aORPH$bORPH$cKTS1_P$d2020-07-08$eKoopman$i46A04$l0$oBIO WILL6 d$p20127595$r2021-01-12 00:00:00$w2021-01-12$yBOO$OKoopman
=999  \\$d7476

