=LDR  01378cam a22003014a 4500
=001  7478
=005  20250120120019.0
=008  990805s1999\\\\gw\a\\\\\b\\\\001\0\ger\c
=010  \\$a   99233669 
=020  \\$a378611806X
=040  \\$aOI
=041  \\$ager
=100  \\$aFrings, Gabriele$4aut$910981
=245  10$aGiorgiones Ländliches Konzert:$bDarstellung der Musik als künstlerisches Programm in der venezianischen Malerei der Renaissance
=260  \\$aBerlin$bMann$c1999
=300  \\$a222 p. :$bill. ;$c24 cm.
=504  \\$aIncludes bibliographical references (p. 139-152).
=600  \0$aGiorgione$d1477/78-1510$1http://www.wikidata.org/entity/Q8459$910982
=600  \0$aTitian$dc. 1488-1576$1http://www.wikidata.org/entity/Q47551$910983
=648  \0$a15th Century (1401-1500)$1http://www.wikidata.org/entity/Q7018$921015
=648  \0$a16th Century (1501-1600)$1http://www.wikidata.org/entity/Q7017$920944
=650  \0$aFine art$1http://www.wikidata.org/entity/Q219625$921579
=650  \0$aIconography$1http://www.wikidata.org/entity/Q208145$921259
=650  \0$aPastoral$1http://www.wikidata.org/entity/Q1472271$92271
=651  \0$aItaly$1http://www.wikidata.org/entity/Q38$922
=942  \\$cBOO
=952  \\$00$10$2ddc$40$6BIO_GIOR_E$70$8BIO$97476$aORPH$bORPH$cKTS1_P$d2020-07-08$eKoopman$i33G09$oBIO GIOR e$p20122701$r2021-01-12 00:00:00$w2021-01-12$yBOO
=999  \\$d7478

