=LDR  00870aam a2200205   4500
=001  7479
=005  20250925143257.0
=008  221128s1909\\\\dk\\||||\||||\00|\0\dan\d
=041  \\$adan
=110  \\$4aut$aFrobenius Orgelbyggeri (Birkerød, Danmark)$1http://www.wikidata.org/entity/Q1469431$925399
=245  \\$aKirkeorgelfabrik
=260  \\$aAarhus$bFrobenius$c1909
=300  \\$a68 pages
=610  \0$aFrobenius Orgelbyggeri (Birkerød, Danmark)$925399
=648  \0$a20th Century (1901-2000)$1http://www.wikidata.org/entity/Q6927$920936
=650  \0$aOrgan$1http://www.wikidata.org/entity/Q1444$92810
=651  \0$aDenmark$1http://www.wikidata.org/entity/Q35$921295
=942  \\$cBOO
=952  \\$00$10$2ddc$40$6INS_3_000000000000000_1B_FROB$70$8INS$97477$aORPH$bORPH$cKTS0$d2020-07-08$eKoopman$l0$oINS3.1b FROB$p20120009$r2021-01-12 00:00:00$w2021-01-12$yBOO$OKoopman
=999  \\$d7479

