=LDR  01018    a2200253   4500
=001  7481
=005  20250926134855.0
=008  210712e1994\\\\\\\||nn|\||||\00|\0\ger\d
=040  \\$aMB
=041  \\$ager
=100  \\$aBach, Johann Sebastian$d1685-1750$4cmp$1http://www.wikidata.org/entity/Q1339$94766
=245  \\$aKritischer Bericht: Ratswahlkantaten II
=260  \\$c1994$aGermany$bBärenreiter
=300  \\$a128 pages$bmusic
=336  \\$aprinted
=490  \\$aNeue Ausgabe Sämtlicher Werke$vSerie I: 32.2
=648  \0$a18th Century (1701-1800)$1http://www.wikidata.org/entity/Q7015$920899
=650  \0$aLute$1http://www.wikidata.org/entity/Q180733$93944
=650  \0$aCantata$1http://www.wikidata.org/entity/Q174873$921603
=651  \0$aGermany$1http://www.wikidata.org/entity/Q183$9155
=700  \\$4edt$aFröde, Christine$910985
=942  \\$cSCO
=952  \\$00$10$2ddc$40$6SCO_BACH1$70$97479$aORPH$bORPH$cLOC_UNK$d2020-07-08$eKoopman$i29A01$l0$oSCO BACH1$p20123513$r2021-01-12 00:00:00$yTYPE_UNK
=999  \\$c7481$d7481

