=LDR  01600cam a22003131  4500
=001  7483
=005  20250605144519.0
=008  830103s1962\\\\be\acgh\\b\\\\001\0\fre\\
=040  \\$aOI
=041  \\$afre
=050  00$aML410.G83$bA37
=100  \\$aGrétry, André-Ernest-Modeste$d1741-1813$4aut$1http://www.wikidata.org/entity/Q210962$94756
=245  13$aLa Correspondance générale de Grétry :$baugmentée de nombreux documents relatifs à la vie et aux œuvres du compositeur liégeois
=260  \\$aBrussels$bBrepols$c1962
=300  \\$a440 p. :$bill., ports., pls., music, facsims. ;$c21 cm.
=490  0\$aAu cœur de l'histoire$v10
=504  \\$aIncludes bibliographical references.
=590  \\$arassemblée et publiée avec une introd. et des notes critiques par Georges de Froidcourt
=600  \0$aGrétry, André-Ernest-Modeste$d1741-1813$1http://www.wikidata.org/entity/Q210962$94756
=648  \0$a18th Century (1701-1800)$1http://www.wikidata.org/entity/Q7015$920899
=650  \0$aCorrespondence$1http://www.wikidata.org/entity/Q1784733$921392
=650  \0$aComposer$1http://www.wikidata.org/entity/Q36834$93625
=650  \0$aOpéra comique$1http://www.wikidata.org/entity/Q785479$926167
=651  \0$aLiège (Belgium)$1http://www.wikidata.org/entity/Q3992$9240
=651  \0$aParis (France)$1http://www.wikidata.org/entity/Q90$9160
=700  \\$aFroidcourt, Georges de$eEditor$4edt$910986
=942  \\$cBOO
=952  \\$00$10$2ddc$40$6BIO_GRET_A$70$8BIO$97481$aORPH$bORPH$cKTS1_P$d2020-07-08$eKoopman$i32G07$l0$oBIO GRET a$p20122823$r2021-01-12 00:00:00$w2021-01-12$yBOO
=999  \\$d7483

