=LDR  01149    a2200229   4500
=001  7485
=008  210910s1999\\\\||||||||\||||\00|\0beng\d
=041  \\$aeng
=100  \\$aFrosztega, A. J.$4aut$910988
=245  \\$aFriedrich WIlhelm Marpurg and Musical Temperament in Late Eighteenth-Century Germany
=260  \\$aUtrecht$bUniversiteit Utrecht$c1999
=300  \\$a2 vols.
=561  \\$aEx libris Gustav Leonhardt
=563  \\$aBound together in two "snelhechtmapjes"
=600  \0$aMarpurg, Friedrich Wilhelm$d1718-1795$1http://www.wikidata.org/entity/Q548897$94794
=648  \0$a18th Century (1701-1800)$1http://www.wikidata.org/entity/Q7015$920899
=650  \0$aTemperament$1http://www.wikidata.org/entity/Q55073971$921656
=651  \0$aGermany$1http://www.wikidata.org/entity/Q183$9155
=942  \\$cBOO
=952  \\$00$10$2ddc$3Part 1$40$6BIO_MARP_E$70$8BIO$97483$aORPH$bORPH$cKTS1_P$d2020-07-08$eKoopman$i45F19$oBIO MARP e$p20127505$r2021-01-12 00:00:00$w2021-01-12$yBOO
=952  \\$00$10$2ddc$3Part 2$40$6BIO_MARP_E$70$8BIO$97484$aORPH$bORPH$cKTS1_P$d2020-07-08$eKoopman$i45F19$oBIO MARP e$p20127506$r2021-01-12 00:00:00$w2021-01-12$yBOO
=999  \\$d7485

