=LDR  01221    a2200253   4500
=001  7487
=008  211103s1959\\\\gw\g||||\||||\00|\0\ger\d
=041  \\$ager
=100  \\$aFrotscher, Gotthold$4aut$916132
=245  \\$aGeschichte des Orgelspiels und der Orgelkomposition
=260  \\$c1959$aBerlin$bVerlag Merseburger
=300  \\$a1338 pages
=336  \\$aprinted
=500  \\$a2 Volumes
=648  \0$a15th Century (1401-1500)$1http://www.wikidata.org/entity/Q7018$921015
=648  \0$a16th Century (1501-1600)$1http://www.wikidata.org/entity/Q7017$920944
=648  \0$a17th Century (1601-1700)$1http://www.wikidata.org/entity/Q7016$920923
=648  \0$a18th Century (1701-1800)$1http://www.wikidata.org/entity/Q7015$920899
=650  \0$aOrgan$1http://www.wikidata.org/entity/Q1444$92810
=650  \0$aOrgan$1http://www.wikidata.org/entity/Q1444$92810
=942  \\$cBOO
=952  \\$00$10$2ddc$40$6INS_3_000000000000000_1A$70$8INS$97485$aORPH$bORPH$cKTS0$d2020-07-08$eKoopman$i24B13b$oINS3.1a$p20128741$r2021-01-12 00:00:00$w2021-01-12$yBOO
=952  \\$00$10$2ddc$40$6INS_3_000000000000000_1A$70$8INS$97486$aORPH$bORPH$cKTS0$d2020-07-08$eKoopman$i24B13a$oINS3.1a$p20128740$r2021-01-12 00:00:00$w2021-01-12$yBOO
=999  \\$d7487

