=LDR  01102cam a22002414a 4500
=001  7490
=005  20250821130544.0
=008  050610s2005\\\\gw\g\\\\\b\\\\001\0\ger\c
=041  \\$ager
=100  \\$aFrühauf, Tina$4aut$1http://www.wikidata.org/entity/Q70861510$910990
=245  10$aOrgel und Orgelmusik in deutsch-jüdischer Kultur.$cWege deutsch-jüdischer Geschichte und Kultur
=260  \\$aHildesheim ;$aNew York :$bOlms,$c2005.
=300  \\$a336 pages$bmusic $c24 cm
=490  \\$aNetiva,
=610  \0$aJews$1http://www.wikidata.org/entity/Q7325$924173
=650  \0$aOrgan music$1http://www.wikidata.org/entity/Q2003283$91951
=650  \0$aOrgan$1http://www.wikidata.org/entity/Q1444$92810
=650  \0$aCuckoo$1http://www.wikidata.org/entity/Q18845$922474
=650  \0$aMusic history$1http://www.wikidata.org/entity/Q846047$921373
=651  \0$aGermany$1http://www.wikidata.org/entity/Q183$9155
=942  \\$cBOO
=952  \\$00$10$2ddc$40$6INS_3_100000000000000_A_DE$70$8HUM$97488$aORPH$bORPH$cKTS0$d2020-07-08$eKoopman$i29D36$oINS3.1 a DE$p20121331$r2021-01-12 00:00:00$w2021-01-12$yBOO
=999  \\$d7490

