=LDR  00799aam a2200193   4500
=001  7492
=008  240318s1922\\\\||||||||\||||\00|\0\dut\d
=020  \\$a9024790220
=041  \\$adut
=100  \\$aFruin, Robert$910991$4aut
=245  \\$aGeschiedenis der staatsinstellingen in Nederland tot den val der Republiek
=260  \\$aThe Hague$bNijhoff$c1922
=650  \0$aHistory$1http://www.wikidata.org/entity/Q309$921403
=650  \0$aPolitics$1http://www.wikidata.org/entity/Q7163$921826
=651  \0$aNetherlands$1http://www.wikidata.org/entity/Q55$9173
=856  \\$uhttps://resolver.kb.nl/resolve?urn=MMKB02A:000032029
=942  \\$cBOO
=952  \\$00$10$2ddc$40$6TOP_NL$70$8TOP$97490$aORPH$bORPH$cKTS0$d2020-07-08$eKoopman$i42B16$l0$oTOP NL$p20120078$r2021-01-12 00:00:00$w2021-01-12$yBOO$OKoopman
=999  \\$d7492

