=LDR  00799pam a2200193 a 4500
=001  7494
=005  20250120120217.0
=008  830819s1984\\\\nyuah\\\\b\\\\001\0\eng\\
=020  \\$a0918728274
=040  \\$aOI
=100  \\$aFuld, James J.$d1916-2008$910994
=245  14$aThe book of world-famous libretti :$bthe musical theater from 1598 to today /$cby James J. Fuld ; foreword by Patrick J. Smith.
=260  \\$aNew York :$bPendragon Press,$cc1984.
=300  \\$axxxviii, 365 p. :$bill., facsims. ;$c24 cm.
=650  \0$aLibretto$1http://www.wikidata.org/entity/Q131084$94031
=740  0\$aWorld-famous libretti.
=942  \\$cBOO
=952  \\$00$10$2ddc$40$6LIT_FULD_A$70$8LIT$97492$aORPH$bORPH$cKM12_2_H$d2020-07-08$eKoopman$i19C51$oLIT FULD a$p20127873$r2021-01-12 00:00:00$w2021-01-12$yBOO
=999  \\$c7494$d7494

