=LDR  01218aam a2200241   4500
=001  7495
=005  20251003085457.0
=008  250910s1893\\\\|||g||||\c|||\00|\0\eng\d
=041  \\$aeng
=100  \\$aFuller Maitland, John Alexander$d1856-1936$1http://www.wikidata.org/entity/Q430943$918399$4edt
=245  \\$aCatalogue of the Music in the Fitzwilliam Museum, Cambridge
=260  \\$c1893$aLondon$bCambridge University Press
=300  \\$a298 pages
=500  \\$awith annotations, see page opposite the second title page
=610  \0$aFitzwilliam Museum (Cambridge, United Kingdom)$1http://www.wikidata.org/entity/Q1421440$91388
=650  \0$aLibrary$1http://www.wikidata.org/entity/Q7075$94229
=650  \0$aMusic history$1http://www.wikidata.org/entity/Q846047$921373
=650  \0$aCatalogue$1http://www.wikidata.org/entity/Q2352616$1http://www.wikidata.org/entity/Q6941730$921484
=651  \0$aCambridge (United Kingdom)$1http://www.wikidata.org/entity/Q350$924595
=700  \\$aMann, A.H.$4edt$941173
=942  \\$cBOO
=952  \\$00$10$2ddc$40$6BIB_4_000000000000000_GB_CAM$70$8BIB$97493$aORPH$bORPH$cKTS0$d2020-07-08$eKoopman$i44E19$l0$oBIB4 GB.CAM$p20126579$r2021-01-12 00:00:00$w2021-01-12$yBOO$OKoopman
=999  \\$d7495

