=LDR  01133cam a2200241 a 4500
=001  7496
=005  20250120120918.0
=008  830126s1979\\\\ohuam\\\\\\\\\000\0\eng\\
=020  \\$a0934276005 (pbk.) :$c$7.00
=040  \\$aOI
=100  \\$aFuller, David$921537
=245  10$aMechanical Musical Instruments as a Source for the Study of Notes Inégales
=260  \\$aCleveland Heights, Ohio$bDivisions$c1979
=300  \\$a20 pages$bill. $c23 cm. $e1 sound disc (analog, 33 1/3 rpm ; 7 in.)
=336  \\$aprinted
=650  \0$aNotes inégales$1http://www.wikidata.org/entity/Q241007$92720
=650  \0$aHistorically informed performance$1http://www.wikidata.org/entity/Q1344860$920980
=650  \0$aPerformance$1http://www.wikidata.org/entity/Q6942562$926223
=650  \0$aMechanical device$1http://www.wikidata.org/entity/Q1882685$92247
=650  \0$aMechanical musical instrument$1http://www.wikidata.org/entity/Q8614972$926213
=942  \\$cBOO
=952  \\$00$10$2ddc$40$6INS_10_000000000000000_9D_FULL$70$8INS$97494$aORPH$bORPH$cKTS0$d2020-07-08$eKoopman$i21B29$oINS10.9d FULL$p20128410$r2021-01-12 00:00:00$w2021-01-12$yBOO
=999  \\$d7496

