=LDR  01285cam a2200313 a 4500
=001  7498
=003  OSt
=005  20250121142122.0
=008  960605s1995\\\\gw\a\\\\\bc\\\000\0\ger\d
=010  \\$a   96156978 
=020  \\$a3761812019
=035  \\$a(OCoLC)34961912 
=040  \\$aCU$cCU$dNN$dDLC
=041  \\$ager
=042  \\$alccopycat
=100  \\$aFunk, Vera$4aut$910998
=245  10$aKlavierkammermusik mit Bläsern und Streichern in der 2. Hälfte des 18. Jahrhunderts/$cvon Vera Funk.
=260  \\$aKassel ;$aNew York :$bBärenreiter,$c1995.
=300  \\$a250 pages$bill. ;$c21 cm.
=504  \\$aIncludes bibliographical references (p. 236-250).
=650  \0$aChamber music$1http://www.wikidata.org/entity/Q189201$92105
=650  \0$aChamber music$1http://www.wikidata.org/entity/Q189201$92105
=942  \\$cBOO$2ddc
=952  \\$00$10$2ddc$40$6GEN_12_000000000000000$70$8GEN$97496$aORPH$bORPH$cKM12_1$d2020-07-08$eKoopman$l0$oGEN 12$p20125505$r2021-01-12 00:00:00$w2021-01-12$yBOO
=999  \\$c7498$d7498
=490  \\$aDetmold-Paderborner Beiträge zur Musikwissenschaft ;
=490  \\$aBärenreiter Hochschulschriften
=648  \0$a18th Century (1701-1800)$1http://www.wikidata.org/entity/Q7015$920899
=650  \0$aMusic history$1http://www.wikidata.org/entity/Q846047$921373

