=LDR  00361    a2200109   4500
=001  7509
=100  \\$aG. D. G.$911002
=245  \\$aFrans Hals tentoonstelling
=260  \\$c1937
=942  \\$cBOO
=952  \\$00$10$2ddc$40$6BIO_HALS_F$70$8BIO$97507$aORPH$bORPH$cKTS1_P$d2020-07-08$eKoopman$i38D37$l0$oBIO HALS f$p20122368$r2021-01-12 00:00:00$w2021-01-12$yBOO$OKoopman
=999  \\$c7509$d7509

