=LDR  00651nam a2200169Ia 4500
=001  7511
=005  20251003085457.0
=008  230131s1963\\\\\\\\\\\\\c\\\\\\\\0\eng\d
=041  \\$aeng
=100  \\$aGable, F.$911004$4aut
=245  \3$aAn Annotated Catalog of Rare Musical Items in the Libraries of the University of Iowa
=260  \\$aIowa City, IA$c1963
=650  \0$aLibrary$1http://www.wikidata.org/entity/Q7075$94229
=650  \0$aCatalogue$1http://www.wikidata.org/entity/Q2352616$921484
=942  \\$cBOO
=952  \\$00$10$2ddc$40$6BIB_4_000000000000000_US_IOW$70$8BIB$97509$aORPH$bORPH$cKTS0$d2020-07-08$eKoopman$i34A07$oBIB4 US.IOW$p20122654$yBOO
=999  \\$d7511

