=LDR  00677aam a2200169   4500
=001  7517
=008  231123s1988\\\\||||||||\||||\00|\0\eng\d
=041  \\$aeng
=100  \\$aGalkin, Eliott W.$4aut$920863
=245  \\$aThe History of Orchestral Conducting in Theory and Praxis
=260  \\$aNew York$bPendragon$c1988
=300  \\$a893 pages
=650  \0$aMusic history$1http://www.wikidata.org/entity/Q846047$921373
=650  \0$aConducting$1http://www.wikidata.org/entity/Q6989196$92392
=942  \\$cBOO
=952  \\$00$10$2ddc$40$6MTP_2_000000000000000_GALK$70$8MTP$97515$aORPH$bORPH$cKM12_1$d2020-07-08$eKoopman$i25B22$l0$oMTP2 GALK$p20129202$r2021-01-12 00:00:00$w2021-01-12$yBOO
=999  \\$d7517

