=LDR  01201ncm a22002657i 4500
=001  7523
=005  20251008112542.0
=008  980918r19651786\\\\\\\|||\\\\\\\\\\mul|c
=041  \7$afre$aeng$dheb
=059  \\$avv hn 3vn bc
=100  \\$aGallichi, V.$4cmp$911013
=245  10$aCérémonie musicale pour l'inauguration de la synagogue à Sienne
=260  \\$aTel Aviv$bIsraeli Music Publications Limited$c1965
=300  \\$a98 pages
=648  \0$a18th Century (1701-1800)$1http://www.wikidata.org/entity/Q7015$920899
=650  \0$aJudaism$1http://www.wikidata.org/entity/Q9268$926210
=650  \0$aVocal music$1http://www.wikidata.org/entity/Q685884$93319
=650  \0$aViolin$1http://www.wikidata.org/entity/Q8355$92783
=650  \0$aBasso continuo$1http://www.wikidata.org/entity/Q724321$921065
=651  \0$aSiena (Italy)$1http://www.wikidata.org/entity/Q2751$921702
=700  \\$aDrei, Francesco$4cmp$940367
=700  \\$aAdler, Israel$d1925-2009$1http://www.wikidata.org/entity/Q358179$4edt$99044
=942  \\$cSCO
=952  \\$00$10$2ddc$40$6SCO_S_GALL$70$8SCO$97521$aORPH$bORPH$cKTS1_H$d2020-07-08$eKoopman$iW458$l0$oSCO S GALL$p20121669$r2021-01-12 00:00:00$w2021-01-12$ySCO$OW.0458-6
=999  \\$d7523

