=LDR  01205    a2200265   4500
=001  7524
=005  20251003085457.0
=008  211006t1963\\\\it\fa|||\||||\00|\0\ita\d
=041  \\$aita
=245  \\$aMuseo degli strumenti musicali
=260  \\$c1963$aMilan$bComune di Milano
=300  \\$a448 pages
=561  \\$aEx Libris Ton Koopman
=648  \0$a16th Century (1501-1600)$1http://www.wikidata.org/entity/Q7017$920944
=648  \0$a17th Century (1601-1700)$1http://www.wikidata.org/entity/Q7016$920923
=648  \0$a18th Century (1701-1800)$1http://www.wikidata.org/entity/Q7015$920899
=648  \0$a19th Century (1801-1900)$1http://www.wikidata.org/entity/Q6955$920935
=648  \0$a20th Century (1901-2000)$1http://www.wikidata.org/entity/Q6927$920936
=650  \0$aOrganology$1http://www.wikidata.org/entity/Q899293$921400
=650  \0$aCatalogue$1http://www.wikidata.org/entity/Q2352616$921484
=651  \0$aMilan (Italy)$1http://www.wikidata.org/entity/Q490$9271
=700  \\$4aut$aGallini, Natale$911014
=942  \\$cBOO
=952  \\$00$10$2ddc$40$6INS_1B_IT_MIL1$70$8INS$97522$aORPH$bORPH$cKTS0$d2020-07-08$eKoopman$i46A25$oINS1b IT.MIL1$p20127572$r2021-01-12 00:00:00$w2021-01-12$yBOO
=999  \\$d7524

