=LDR  01206    a2200253   4500
=001  7526
=008  210922r19371946-ukogf||\||||\001\0\eng\d
=041  \\$aeng
=100  \\$aGalpin, Francis W.$4aut$911015
=245  \\$aA Textbook of European Musical Instruments.$bTheir Origin, History, and Charachter
=260  \\$c1946$aLondon$bWilliams&Norgate
=300  \\$a256 pages
=561  \\$aEx Libris Ton Koopman
=648  \0$aMiddle Ages (500-1400)$1http://www.wikidata.org/entity/Q12554$920964
=648  \0$a15th Century (1401-1500)$1http://www.wikidata.org/entity/Q7018$921015
=648  \0$a16th Century (1501-1600)$1http://www.wikidata.org/entity/Q7017$920944
=648  \0$a17th Century (1601-1700)$1http://www.wikidata.org/entity/Q7016$920923
=648  \0$a18th Century (1701-1800)$1http://www.wikidata.org/entity/Q7015$920899
=648  \0$a19th Century (1801-1900)$1http://www.wikidata.org/entity/Q6955$920935
=650  \0$aOrganology$1http://www.wikidata.org/entity/Q899293$921400
=651  \0$aEurope$1http://www.wikidata.org/entity/Q46$991
=942  \\$cBOO
=952  \\$00$10$2ddc$40$6INS_1A$70$8INS$97524$aORPH$bORPH$cKTS0$d2020-07-08$eKoopman$i22C51$oINS1a$p20125675$r2021-01-12 00:00:00$yBOO
=999  \\$d7526

