=LDR  01468cam a2200301 a 4500
=001  7530
=005  20251028154344.0
=008  980122s1997\\\\\\\\\\\\\b\\\\001\0\ita\d
=041  0\$aita
=100  \\$aGambassi, Osvaldo$4aut$911019
=245  10$a"Pueri cantores" nelle cattedrali d'Italia tra Medioevo e età moderna.$bLe scuole eugeniane, scuole di canto annesse alle cappelle musicali
=260  \\$aFlorence$bOlschki$c1997
=300  \\$a284 pages$c26 cm
=490  1\$aBiblioteca Historiæ Musicæ Cultores$v80
=504  \\$aIncludes bibliographical references and index.
=546  \\$aLatin text of papal bulls: p. 213-268.
=600  \0$aEugene IV$cPope$d1383-1447$1http://www.wikidata.org/entity/Q167561$911020
=648  \0$aPast$1http://www.wikidata.org/entity/Q192630$922196
=650  \0$aChurch music$1http://www.wikidata.org/entity/Q8812109$92283
=650  \0$aChoir$1http://www.wikidata.org/entity/Q131186$93338
=650  \0$aBoy soprano$1http://www.wikidata.org/entity/Q1376492$922851
=650  \0$aBoy alto$1http://www.wikidata.org/entity/Q53395277$922887
=650  \0$aSinging$1http://www.wikidata.org/entity/Q27939$92767
=650  \0$aCappella$1http://www.wikidata.org/entity/Q19902156$922910
=651  \0$aItaly$1http://www.wikidata.org/entity/Q38$922
=942  \\$cBOO
=952  \\$00$10$2ddc$40$6TOP_IT_3_000000000000000$70$8TOP$97528$aORPH$bORPH$cKTS0$d2020-07-08$eKoopman$i22D53$oTOP IT 3$p20128427$r2021-01-12 00:00:00$w2021-01-12$yBOO
=999  \\$d7530

