=LDR  01056aam a2200241   4500
=001  7533
=008  211116s1980\\\\\\\ao|||\||||\00|\0\ita\d
=041  \\$aita
=100  \\$aGandolfi, Vittorio$4aut$911023
=245  \\$aIl Teatro Farnese di Parma
=260  \\$aParma$bBattei$c1980
=300  \\$a203 pages
=490  \\$aCollana di architettura
=504  \\$aContains indices and bibliography
=610  \0$aTeatro Farnese (Parma, Italy)$1http://www.wikidata.org/entity/Q1507811$922867
=648  \0$a17th Century (1601-1700)$1http://www.wikidata.org/entity/Q7016$920923
=650  \0$aTheater$1http://www.wikidata.org/entity/Q24354$92225
=650  \0$aArchitecture$1http://www.wikidata.org/entity/Q12271$93185
=650  \0$aScenography$1http://www.wikidata.org/entity/Q737201$921278
=651  \0$aParma (Italy)$1http://www.wikidata.org/entity/Q2683$922868
=942  \\$cBOO
=952  \\$00$10$2ddc$40$6TOP_IT_PAR_5_000000000000000$70$8TOP$97531$aORPH$bORPH$cLOC_UNK$d2020-07-08$eKoopman$i18A23$oTOP IT.PAR 5$p20127021$r2021-01-12 00:00:00$w2021-01-12$yBOO
=999  \\$d7533

