=LDR  01405aam a2200253   4500
=001  7534
=008  211117s1998\\\\\\\a||||\c|||\00|\0\ger\d
=020  \\$a3447040424
=041  \\$ager
=100  \\$aGarbe, D.$4aut$911024
=245  \\$aDas Musikalienrepertoire von St. Stephani zu Helmstedt:$bEin Bestand an Drucken und Handschriften des 17. Jahrhunderts$nvols. 1-2/2
=260  \\$aWiesbaden$bHarrassowitz$c1998
=300  \\$a2 vols. (238_205 pages)$bill., music
=490  \\$aWolfenbütteler Arbeiten zur Barockforschung$v33
=610  \0$aSt.-Stephani-Kirche (Helmstedt, Germany)$1http://www.wikidata.org/entity/Q1394621$922908
=648  \0$a17th Century (1601-1700)$1http://www.wikidata.org/entity/Q7016$920923
=650  \0$aChurch music$1http://www.wikidata.org/entity/Q8812109$92283
=650  \0$aLibrary$1http://www.wikidata.org/entity/Q7075$94229
=650  \0$aManuscript$1http://www.wikidata.org/entity/Q87167$92275
=651  \0$aHelmstedt (Germany)$1http://www.wikidata.org/entity/Q486562$922909
=942  \\$cBOO
=952  \\$00$10$2ddc$3Teil 1$40$6BIB_4_000000000000000_DE_HEL$70$8BIB$97532$aORPH$bORPH$cKTS0$d2020-07-08$eKoopman$i31B18-I$oBIB4 DE.HEL$p20121114$r2021-01-12 00:00:00$w2021-01-12$yBOO
=952  \\$00$10$2ddc$3Teil 2$40$6BIB_4_000000000000000_DE_HEL$70$8BIB$97533$aORPH$bORPH$cKTS0$d2020-07-08$eKoopman$i31B18-II$oBIB4 DE.HEL$p20121113$r2021-01-12 00:00:00$w2021-01-12$yBOO
=999  \\$d7534

