=LDR  01834aam a2200373   4500
=001  7536
=008  250516s2009\\\\|||ao|||\||||\00|\0|cat\d
=020  \\$a9788498501452
=041  \\$acat
=245  \\$aDansa i música. Barcelona 1700
=260  \\$c2009$aBarcelona$bLa Ciutat der Born 
=300  \\$a326 pages
=490  \\$aMonografies del Museu d'Història - Col-lecció
=648  \0$a17th Century (1601-1700)$1http://www.wikidata.org/entity/Q7016$920923
=648  \0$a18th Century (1701-1800)$1http://www.wikidata.org/entity/Q7015$920899
=650  \0$aHistory of dance$1http://www.wikidata.org/entity/Q27730$939407
=650  \0$aDance notation$1http://www.wikidata.org/entity/Q34175$922744
=650  \0$aMusical Instrument$940212
=650  \0$aPlucked string instrument$1http://www.wikidata.org/entity/Q230262$921883
=650  \0$aBowed string instrument$1http://www.wikidata.org/entity/Q192096$92398
=650  \0$aDance$1http://www.wikidata.org/entity/Q11639$1http://www.wikidata.org/entity/Q316930$924845
=650  \0$aGuitar$1http://www.wikidata.org/entity/Q6607$921152
=650  \0$aOrgan$1http://www.wikidata.org/entity/Q1444$92810
=650  \0$aWind instrument$1http://www.wikidata.org/entity/Q173453$94615
=650  \0$aMusic history$1http://www.wikidata.org/entity/Q846047$921373
=651  \0$aBarcelona (Spain)$1http://www.wikidata.org/entity/Q1492$925739
=700  \\$aGarcia Espuche, Albert$4aut$911025
=700  \\$aMas i Garcia, Carles$4aut$940219
=700  \\$aBorràs i Roca, Josep$4aut$940223
=700  \\$aJoan, Pellisa Pujades$4aut$940221
=700  \\$aDolcet, Josep$4aut$940222
=942  \\$cBOO
=952  \\$00$10$2ddc$40$6TOP_ES_BAR_5_000000000000000$70$8TOP$97534$aORPH$bORPH$cKTS0$d2020-07-08$eKoopman$i46D20$l0$oTOP ES.BAR 5$p20127687$r2021-01-12 00:00:00$w2021-01-12$yBOO$OKoopman
=999  \\$d7536

