=LDR  00877    a2200205   4500
=001  7538
=008  211206s1985\\\\\\\|||||\m|||\00|\0\ger\d
=041  \\$ager
=100  \\$aGarcía Llovera, Julio-Miguel$d-1923$4aut$911026
=245  \\$aDe organo vetere hispanico.$bZur Frühgeschichte der Orgel in Spanien
=260  \\$aLouvain-la-Neuve$bUniversité Catholique de Louvain$c1985
=300  \\$a419 pages
=336  \\$aprinted
=500  \\$aDoctoral dissertation.
Published in 1987, see 24A57
=648  \0$aPast$1http://www.wikidata.org/entity/Q192630$922196
=650  \0$aOrgan$1http://www.wikidata.org/entity/Q1444$92810
=651  \0$aSpain$1http://www.wikidata.org/entity/Q29$920983
=942  \\$cBOO
=952  \\$00$10$2ddc$40$6INS_3_000000000000000_1D_ES$70$8INS$97536$aORPH$bORPH$cKTS0$d2020-07-08$eKoopman$i28C23$oINS3.1d ES$p20121417$r2021-01-12 00:00:00$w2021-01-12$yBOO
=999  \\$d7538

