=LDR  00828    a2200217   4500
=001  7539
=008  220509s2012\\\\sp\f||||\||||\00|\0\spa\d
=020  \\$a9788477682417
=041  \\$aspa
=100  \\$aGarcía Llovera, Julio-Miguel$d-1923$4aut$911026
=245  \\$aOrganos Españoles
=260  \\$c2012$aPamplona$bEunate
=300  \\$a172 pages
=336  \\$aprinted
=648  \0$aPast$1http://www.wikidata.org/entity/Q192630$922196
=650  \0$aOrgan$1http://www.wikidata.org/entity/Q1444$92810
=650  \0$aOrganology$1http://www.wikidata.org/entity/Q899293$921400
=651  \0$aSpain$1http://www.wikidata.org/entity/Q29$920983
=942  \\$cBOO
=952  \\$00$10$2ddc$40$6INS_3_000000000000000_1A_ES$70$8INS$97537$aORPH$bORPH$cKTS0$d2020-07-08$eKoopman$i46D15$oINS 3.1a ES$p20127692$r2021-01-12 00:00:00$w2021-01-12$yBOO
=999  \\$d7539

