=LDR  00911cam a2200217 a 4500
=001  7540
=005  20250120120100.0
=008  091016s2009\\\\sp\ah\\\\b\\\\001\0\spa\d
=041  \\$aspa
=100  \\$aGarcía Llovera, Julio-Miguel$d-1923$4aut$911026
=245  13$aEl órgano gótico español
=260  \\$aZaragoza$bLibros Pórtico$c2009 
=300  \\$ax-416 pages$bill.$c24 cm
=504  \\$aIncludes bibliographical references and indexes.
=650  \0$aOrgan$1http://www.wikidata.org/entity/Q1444$92810
=650  \0$aOrganology$1http://www.wikidata.org/entity/Q899293$921400
=650  \0$aMusic history$1http://www.wikidata.org/entity/Q846047$921373
=651  \0$aSpain$1http://www.wikidata.org/entity/Q29$920983
=942  \\$cBOO
=952  \\$00$10$2ddc$40$6INS_3_000000000000000_1A_ES$70$8INS$97538$aORPH$bORPH$cKTS0$d2020-07-08$eKoopman$i46D16$oINS 3.1a ES$p20127691$r2021-01-12 00:00:00$w2021-01-12$yBOO
=999  \\$d7540

