=LDR  00833cam a22002051i 4500
=001  7543
=005  20250228123357.0
=008  761012s1973\\\\gw\ag\\\\bk\\\000\0\ger\\
=020  \\$a3764920866
=040  \\$aOI
=100  \\$aGarcía Ferreras, Arsenio$911028
=245  10$aJuan Bautista Cabanilles;$bsein Leben und sein Werk. (Die Tientos für Orgel)
=260  \\$aRegensburg :$bG. Bosse,$c1973.
=300  \\$a184 p. :$btabs., music ;$c21 cm.
=504  \\$aDiscography of J. B. Cabanilles' works: p. 179; bibliography: p. 173-178.
=600  \0$aCabanilles, Juan Bautista$d1644-1712$911029
=942  \\$cBOO
=952  \\$00$10$2ddc$40$6BIO_CABA_D$70$8BIO$97541$aORPH$bORPH$cKTS1_P$d2020-07-08$eKoopman$i32C44$oBIO CABA d$p20122875$r2021-01-12 00:00:00$w2021-01-12$yBOO$OKoopman
=999  \\$c7543$d7543
=490  \\$aKölner Beiträge zur Musikforschung,

