=LDR  01073    a2200241   4500
=001  7547
=008  210519r19941753\\\|||||\||||\00|\0\swe\d
=020  \\$a9185172146
=022  \\$a00772518
=041  \\$aswe$hita
=100  \\$aGasparini, Francesco$d1661-1727$4aut$1http://www.wikidata.org/entity/Q446955$95534
=245  \\$aEn uti Harmonie öfvad på Clav-Cymbal
=260  \\$c1994$aMusikaliska akademiens bibliotek$bStockholm
=300  \\$a147 pages
=590  \\$aEn uti harmonie öfvad på clav-cymbal: reglor, anmärkningar och underrättelser at väl spela bas, och accompagnera på clav-cymbal, spinett och org-värk
=650  \0$aMusic theory$1http://www.wikidata.org/entity/Q193544$92662
=700  \\$4trl$aRoman, Johan Helmich$d1694-1758$911488
=700  \\$4win$aHansell, Kathleen K.$921528
=700  \\$4win$aTegen, Martin$921529
=765  \\$aL'armonico pratico al cimbalo
=942  \\$cBOO
=952  \\$00$10$2ddc$40$6TRE_GASP$70$8TRE$97545$aORPH$bORPH$cKTS1_H$d2020-07-08$eKoopman$i31D14$l0$oTRE GASP$p20121073$r2021-01-12 00:00:00$w2021-01-12$yBOO
=999  \\$c7547$d7547

