=LDR  00867aam a2200193   4500
=001  7550
=005  20251003085457.0
=008  230703s1962\\\\||||||||\c|||\00|\0\ger\d
=041  \\$ager
=100  \\$aGassner, Josef$4aut$911039
=245  \\$aDie Musikaliensammlung im Salzburger Museum Carolino Augusteum
=260  \\$aSalzburg$bMuseum Carolino Augusteum$c1962
=590  \\$aSalzburger Museum Carolino Augusteum Jahresschrift 1961 (Sonderdruck)
=650  \0$1http://www.wikidata.org/entity/Q7075$aLibrary$94229
=650  \0$1http://www.wikidata.org/entity/Q2352616$aCatalogue$921484
=651  \0$1http://www.wikidata.org/entity/Q34713$aSalzburg (Austria)$921433
=942  \\$cBOO
=952  \\$00$10$2ddc$40$6BIB_4_000000000000000_AT_SAL$70$8BIB$97548$aORPH$bORPH$cKTS0$d2020-07-08$eKoopman$i25C31$l0$oBIB4 AT.SAL$p20129223$r2021-01-12 00:00:00$w2021-01-12$yBOO$OKoopman
=999  \\$d7550

