=LDR  00909aam a2200205   4500
=001  7551
=008  240703s2007\\\\||||||||\||||\00|\0\ger\d
=041  \\$ager
=100  1\$aGass, Erasmus$4aut$911040
=245  \\$aJohann Valentin Rathgeber (1682 - 1750):$bLeben - Werk - Bedeutung
=260  \\$c2007$bValentin-Rathgeber-Ges.
=300  \\$a250 pages
=490  \\$aMusica Buchonica$v1
=500  \\$aJohann Valentin Rathgeber (1682-1750) was a German composer, organist and choirmaster.
=590  \\$aeine Wanderausstellung der Valentin-Rathgeber-Gesellschaft e.V. anlässlich des 325. Geburtstags
=650  \0$aComposer$1http://www.wikidata.org/entity/Q36834$93625
=856  \\$uhttps://d-nb.info/1019979690/04$3Contents
=942  \\$cBOO
=952  \\$00$10$2ddc$40$6BIO_RATH_D$70$8BIO$97549$aORPH$bORPH$cKTS1_P$d2020-07-08$eKoopman$i46E40$l0$oBIO RATH d$p20126923$r2021-01-12 00:00:00$w2021-01-12$yBOO$OKoopman
=999  \\$d7551

