=LDR  01056aam a2200217   4500
=001  7553
=008  250407s1941\\\\|||\||||\b|||\001\0\fre\d
=041  \\$afre
=100  \\$aGaudefroy-Demombynes, Jean$d1898-1984$1http://www.wikidata.org/entity/Q55672267$911042$4aut
=245  \\$aLes jugements allemands sur la musique française au XVIIIe siècle
=260  \\$aParis$bLibrairie orientale et américaine$c1941
=300  \\$a457 pages
=648  \0$a18th Century (1701-1800)$1http://www.wikidata.org/entity/Q7015$920899
=650  \0$aMusic criticism$1http://www.wikidata.org/entity/Q11748889$921598
=650  \0$aFrench$1http://www.wikidata.org/entity/Q150$923117
=650  \0$aGerman$1http://www.wikidata.org/entity/Q188$923675
=651  \0$aFrance$1http://www.wikidata.org/entity/Q142$9131
=651  \0$aGermany$1http://www.wikidata.org/entity/Q183$9155
=942  \\$cBOO
=952  \\$00$10$2ddc$40$6TOP_FR_5_000000000000000$70$8TOP$97551$aORPH$bORPH$cKTS0$d2020-07-08$eKoopman$i20B41$l0$oTOP FR 5$p20127963$r2021-01-12 00:00:00$w2021-01-12$yBOO$OKoopman
=999  \\$d7553

