=LDR  01153cam a2200289 a 4500
=001  7554
=005  20250120120241.0
=008  991214s1997\\\\gw\a\\\\\b\\\\001\0dger\d
=010  \\$a   98128514 
=020  \\$a3795907152
=035  \\$a(hol)BLB4062-9/mus/1
=035  \\$a(CStRLIN)MAHS99-B1182
=040  \\$aNN$cNN$dCStRLIN$dMH-Mu$dDLC
=042  \\$alccopycat
=043  \\$ae-sz---
=100  \\$aGäumann, Verena$911043
=245  10$aKarl Matthaei, 1897-1960 :$bLeben und Werk eines Schweizer Organisten /$cVerena Gäumann ; herausgegeben von Dominik Sackmann.
=260  \\$aWilhelmshaven :$bF. Noetzel,$cc1997.
=300  \\$a118 p. :$bill. ;$c23 cm.
=504  \\$aIncludes bibliographical references and index.
=600  \0$aMatthaei, Karl,$d1897-1960.$911044
=650  \0$aOrganist$1http://www.wikidata.org/entity/Q765778$94471
=700  \\$aSackmann, Dominik$911045
=942  \\$cBOO
=952  \\$00$10$2ddc$40$6BIO_MATT_D$70$8BIO$97552$aORPH$bORPH$cKTS1_P$d2020-07-08$eKoopman$i45D43$l0$oBIO MATT d$p20127286$r2021-01-12 00:00:00$w2021-01-12$yBOO$OKoopman
=999  \\$c7554$d7554
=490  \\$aPublikationen von Musikschule und Konservatorium Winterthur ;

