=LDR  00784    a2200193   4500
=001  7555
=008  211116s1960\\\\\\\|||||\||||\00|\0beng\d
=041  \\$aeng
=100  \\$aGauthier, M.$4aut$911046
=245  \\$aWatteau
=260  \\$aLondon$bOldbourne$c1960
=490  \\$aThe Gallery of Great Masters
=600  \0$aWatteau, Antoine$d1684-1721$1http://www.wikidata.org/entity/Q183221$913747
=648  \0$a18th Century (1701-1800)$1http://www.wikidata.org/entity/Q7015$920899
=650  \0$aFine art$1http://www.wikidata.org/entity/Q219625$921579
=651  \0$aFrance$1http://www.wikidata.org/entity/Q142$9131
=942  \\$cBOO
=952  \\$00$10$2ddc$40$6BIO_WATT_A$70$8BIO$97553$aORPH$bORPH$cKTS1_P$d2020-07-08$eKoopman$i29F11$oBIO WATT a$p20121271$r2021-01-12 00:00:00$w2021-01-12$yBOO
=999  \\$d7555

