=LDR  01033nam a22002537a 4500
=001  7556
=005  20250217172841.0
=008  810126s1981\\\\gw\a\\\\\\\\\\000\0\ger\\
=020  \\$a3416015576
=040  \\$aOI
=041  \\$ager
=100  \\$aGebauer, Hans Dieter$911047
=245  10$aBücherauktionen in Deutschland im 17. Jahrhundert
=260  \\$aBonn$bBouvier$c1981
=300  \\$a203 pages$bill.$c23 cm.
=490  \\$aBonner Beiträge zur Bibliotheks- und Bücherkunde$v28
=648  \0$a17th Century (1601-1700)$1http://www.wikidata.org/entity/Q7016$920923
=650  \0$aBook$1http://www.wikidata.org/entity/Q571$92285
=650  \0$aAuction$1http://www.wikidata.org/entity/Q177923$93849
=650  \0$aTrade$1http://www.wikidata.org/entity/Q601401$923616
=651  \0$aGermany$1http://www.wikidata.org/entity/Q183$9155
=942  \\$cBOO
=952  \\$00$10$2ddc$40$6BIB_4_000000000000000_DE_5$70$8BIB$97554$aORPH$bORPH$cKTS0$d2020-07-08$eKoopman$i38E10$l0$oBIB4 DE 5$p20120391$r2021-01-12 00:00:00$w2021-01-12$yBOO$OKoopman
=999  \\$d7556

