=LDR  00947    a2200193   4500
=001  7557
=008  210412b\\\\\\\\\\\|||||\||||\00|\0\dut\d
=100  \\$aLinde, Gerrit van de$d1808-1858$4aut$1http://www.wikidata.org/entity/Q2409206$98142
=245  \\$aDe gedichten van den schoolmeester
=260  \\$cs.d.
=500  \\$aSee also 26D29 for an older edition
=648  \0$a19th Century (1801-1900)$1http://www.wikidata.org/entity/Q6955$920935
=651  \0$aNetherlands$1http://www.wikidata.org/entity/Q55$9173
=700  \\$4edt$aLennep, Jacob van$d1802-1868$1http://www.wikidata.org/entity/Q675676$95730
=700  \\$4ill$aVries, Anthony de$d1841-1872$1http://www.wikidata.org/entity/Q18603360$98143
=942  \\$cBOO
=952  \\$00$10$2ddc$40$6LIT_LIND_A$70$8LIT$97555$aORPH$bORPH$cKM12_2_H$d2020-07-08$eKoopman$i40F39$oLIT LIND a$p20120219$r2021-01-12 00:00:00$w2021-01-12$yBOO
=999  \\$c7557$d7557
=650  \0$aPoetry$1http://www.wikidata.org/entity/Q482$93026

