=LDR  01279nam a2200301 a 4500
=001  7558
=005  20250120120155.0
=008  940122s1992\\\\gw\a\\\\\b\\\\001\0bger\d
=010  \\$a   94107958 
=020  \\$a392503661X
=035  \\$a(OCoLC)27323077
=040  \\$aCU$cCU$dIU$dDLC
=041  0\$ager$beng
=042  \\$alccopycat
=043  \\$ae-gx---
=100  \\$aGeck, Karl Wilhelm$911049
=245  10$aSophie Elisabeth, Herzogin zu Braunschweig und Lüneburg (1613-1676) als Musikerin /$cKarl Wilhelm Geck.
=260  \\$aSaarbrücken :$bSaarbrücker Druckerei und Verlag,$cc1992.
=300  \\$a536 p. :$bill. ;$c25 cm.
=504  \\$aIncludes bibliographical references (p. 448-469) and index.
=600  \0$aSophie Elisabeth,$cDuchess, consort of August, Duke of Braunschweig-Lüneburg,$d1613-1676.$911050
=650  \0$aComposer$1http://www.wikidata.org/entity/Q36834$93625
=942  \\$cBOO
=952  \\$00$10$2ddc$40$6BIO_SOPH_D$70$8BIO$97556$aORPH$bORPH$cKTS1_P$d2020-07-08$eKoopman$i31C18$l0$oBIO SOPH d$p20123252$r2021-01-12 00:00:00$w2021-01-12$yBOO$OKoopman
=999  \\$c7558$d7558
=490  \\$aSaarbrücker Studien zur Musikwissenschaft ;
=651  \0$aGermany$1http://www.wikidata.org/entity/Q183$9155
=650  \0$aBiography$1http://www.wikidata.org/entity/Q36279$91927

