=LDR  00421    a2200109   4500
=001  7559
=100  \\$aGeck, Martin$d1936-2019$1http://www.wikidata.org/entity/Q100880$917580
=245  \\$aNicolaus Bruhns, Leben und Werk
=260  \\$c1968
=942  \\$cBOO
=952  \\$00$10$2ddc$40$6BIO_BRUH_D$70$8BIO$97557$aORPH$bORPH$cKTS1_P$d2020-07-08$eKoopman$i32C30$l0$oBIO BRUH d$p20122891$r2021-01-12 00:00:00$w2021-01-12$yBOO$OKoopman
=999  \\$c7559$d7559

