=LDR  00867aam a2200193   4500
=001  7560
=008  230830s1965\\\\||||||||\||||\00|\0bger\d
=041  \\$ager
=100  \\$aGeck, Martin$d1936-2019$1http://www.wikidata.org/entity/Q100880$4aut$917580
=245  \\$aDie Vokalmusik Dietrich Buxtehudes und der frühe Pietismus
=260  \\$aKassel$bBärenreiter$c1965
=300  \\$a241 pages
=490  \\$aKieler Schriften zur Musikwissenschaft$v15
=600  \0$1http://www.wikidata.org/entity/Q153637$aBuxtehude, Dietrich$d1637-1707$910062
=650  \0$1http://www.wikidata.org/entity/Q685884$aVocal music$93319
=650  \0$1http://www.wikidata.org/entity/Q193664$aPietism$923132
=942  \\$cBOO
=952  \\$00$10$2ddc$40$6BIO_BUXT_E$70$8BIO$97558$aORPH$bORPH$cKTS1_P$d2020-07-08$eKoopman$i32C37$l0$oBIO BUXT e$p20122882$r2021-01-12 00:00:00$w2021-01-12$yBOO$OKoopman
=999  \\$d7560

