=LDR  00414    a2200109   4500
=001  7561
=100  \\$aGeck, Martin$d1936-2019$1http://www.wikidata.org/entity/Q100880$917580
=245  \\$aDie Wiederentdeckung der Matthäus
=260  \\$c1967
=942  \\$cBOO
=952  \\$00$10$2ddc$40$6BIO_BACH1_E$70$8BIO$97559$aORPH$bORPH$cKTS1_P$d2020-07-08$eKoopman$i33A07$oBIO BACH1 e$p20123050$r2021-01-12 00:00:00$w2021-01-12$yBOO
=999  \\$c7561$d7561

