=LDR  00861cam a2200229 a 4500
=001  7562
=005  20250926134855.0
=008  000514s2000\\\\gw\a\\\\\b\\\\001\0dger\\
=020  \\$a3498024833
=040  \\$aOI
=041  \\$ager
=100  \\$aGeck, Martin$d1936-2019$4aut$1http://www.wikidata.org/entity/Q100880$917580
=245  10$aBach:$bLeben und Werk
=250  \\$a1st ed.
=260  \\$aReinbek$bRowohlt$c2000
=300  \\$a797 pages
=504  \\$aIncludes bibliographical references (p. 752-[783]) and indexes.
=600  \0$aBach, Johann Sebastian$d1685-1750$1http://www.wikidata.org/entity/Q1339$94766
=650  \0$aBiography$1http://www.wikidata.org/entity/Q36279$91927
=942  \\$cBOO
=952  \\$00$10$2ddc$40$6BIO_BACH1_D$70$8BIO$97560$aORPH$bORPH$cKTS1_P$d2020-07-08$eKoopman$i44A04$oBIO BACH1 d$p20126745$r2021-01-12 00:00:00$w2021-01-12$yBOO
=999  \\$d7562

