=LDR  00736    a2200169   4500
=001  7563
=008  220825s1997\\\\||||||||\||||\00|\0\dut\d
=041  \\$adut
=100  \\$aGeel, Rudolf$911054
=245  \\$aeen hoorbare stem
=260  \\$aBunnik$bJuliana Welzijn Fonds$c1997
=300  \\$a16 pages
=590  \\$aVoordracht door Rudolf Geel ter gelegenheid van de uitreiking van de Eva Frankfort Gans Prijs op 17 november 1997
=856  \\$uhttps://www.dbnl.org/tekst/geel005hoor01_01/geel005hoor01_01_0001.php$3Digital Library for Dutch Literature (DBNL)
=942  \\$cBOO
=952  \\$00$10$2ddc$40$6HUM_GEEL$70$8HUM$97561$aORPH$bORPH$cKM12_1$d2020-07-08$eKoopman$i20D37$l0$oHUM GEEL$p20125353$r2021-01-12 00:00:00$w2021-01-12$yBOO$OKoopman
=999  \\$d7563

