=LDR  00352    a2200109   4500
=001  7566
=100  \\$aGeel, Rudolf$911054
=245  \\$aIn Heidelberg
=260  \\$c2013
=942  \\$cBOO
=952  \\$00$10$2ddc$40$6BIO_GEEL_A$70$8BIO$97564$aORPH$bORPH$cKTS1_P$d2020-07-08$eKoopman$i46A23$l0$oBIO GEEL a$p20127574$r2021-01-12 00:00:00$w2021-01-12$yBOO$OKoopman
=999  \\$c7566$d7566

