=LDR  00389    a2200121   4500
=001  7568
=020  \\$a9060880544
=100  \\$aGeerars, C. M.$911056
=245  \\$aHubert Korneliszoon Poot
=260  \\$c1979
=942  \\$cBOO
=952  \\$00$10$2ddc$40$6BIO_POOT_D$70$8BIO$97566$aORPH$bORPH$cKTS1_P$d2020-07-08$eKoopman$i33F09$oBIO POOT d$p20120908$r2021-01-12 00:00:00$w2021-01-12$yBOO$OKoopman
=999  \\$c7568$d7568

