=LDR  01182cam a2200277 a 4500
=001  7569
=005  20250120120551.0
=008  030318s2002\\\\ne\a\\\\\b\\\\000\0\eng\c
=020  \\$a9040087156 (English)
=020  \\$a9040087148 (Dutch)
=040  \\$aOI
=041  1\$aeng$hdut
=245  00$aWonen op de Kaap en in Batavia, 1602-1795
=260  \\$aZwolle$bWaanders$aThe Hague$bGemeentemuseum$c2002
=300  \\$a240 pages$billustrations (some color)$c33 cm
=504  \\$aIncludes bibliographical references (p. 232-237).
=650  \0$aApplied arts$1http://www.wikidata.org/entity/Q2865882$921627
=650  \0$aInterior design$1http://www.wikidata.org/entity/Q179232$921367
=651  \0$aSouth Africa$1http://www.wikidata.org/entity/Q258$923803
=651  \0$aIndia$1http://www.wikidata.org/entity/Q668$922078
=700  \\$aEliëns, Titus M.$d-1954$4aut$99066
=700  \\$aGeijn-Verhoeven, Monique van de$4aut$911057
=710  \\$aHaags Gemeentemuseum (The Hague, Netherlands)$91193
=942  \\$cBOO
=952  \\$00$10$2ddc$40$6ZA__CAP_5_000000000000000$70$8TOP$97567$aORPH$bORPH$cKTS0$d2020-07-08$eKoopman$i23C09$oZA.CAP 5$p20128582$r2021-01-12 00:00:00$w2021-01-12$yBOO
=999  \\$d7569

