=LDR  00935aam a2200205   4500
=001  7570
=008  230227s1959\\\\||||||||\||||\00|\0ceng\d
=041  \\$aeng
=100  \\$aGeiringer, Karl$918163$4aut
=245  \\$aThe Bach Family:$bSeven Generations of Creative Genius
=260  \\$aLondon$bAllen & Unwin$c1959
=610  \0$aBach family$1http://www.wikidata.org/entity/Q169509$922324
=648  \0$a17th Century (1601-1700)$1http://www.wikidata.org/entity/Q7016$920923
=648  \0$a18th Century (1701-1800)$1http://www.wikidata.org/entity/Q7015$920899
=650  \0$aComposer$1http://www.wikidata.org/entity/Q36834$93625
=650  \0$aBiography$1http://www.wikidata.org/entity/Q36279$91927
=651  \0$aGermany$1http://www.wikidata.org/entity/Q183$9155
=942  \\$cBOO
=952  \\$00$10$2ddc$40$6BIO_BACH0_D$70$8BIO$97568$aORPH$bORPH$cKTS1_P$d2020-07-08$eKoopman$i32A24$oBIO BACH0 d$p20120982$r2021-01-12 00:00:00$w2021-01-12$yBOO
=999  \\$d7570

