=LDR  01046cam a2200241 a 4500
=001  7572
=005  20250120120113.0
=008  021017s1999\\\\gw\a\\\\\bc\\\000\0\ger\d
=020  \\$a3886093662
=040  \\$aOI
=041  \\$ager
=100  \\$4aut$aGeismeier, Irene$911059
=245  10$aDokumentation des Fremdbesitzes:$bVerzeichnis der in der Galerie eingelagerten Bilder unbekannter Herkunft
=246  3\$aGemäldegalerie$bDokumentation des Fremdbesitzes
=260  \\$aBerlin$bStaatliche Museen zu Berlin, Preussischer Kulturbesitz$c1999
=300  \\$a98 pages$billustrations$c30 cm
=610  \0$aGemäldegalerie (Berlin, Germany)$91320
=650  \0$aFine art$1http://www.wikidata.org/entity/Q219625$921579
=650  \0$aWorld War II (1939-1945)$1http://www.wikidata.org/entity/Q362$93004
=651  \0$aGermany$1http://www.wikidata.org/entity/Q183$9155
=942  \\$cBOO
=952  \\$00$10$2ddc$40$6VIS_GEIS$70$8VIS$97570$aORPH$bORPH$cKTS1_H$d2020-07-08$eKoopman$i36F29$l0$oVIS GEIS$p20120642$r2021-01-12 00:00:00$w2021-01-12$yBOO$OKoopman
=999  \\$d7572

