=LDR  01060    a2200241   4500
=001  7573
=008  211122s2007\\\\\\\|||||\||||\00|\0\mul\d
=020  \\$a9789080169951
=041  \\$adut$aeng
=100  \\$aGelder, F. de$4aut$911060
=245  \\$aMozart mechanisch = Mechanical Mozart
=260  \\$aUtrecht$bNationaal Museum van Speelklok tot Pierement$c2007
=561  \\$aAutograph dedication from Marieke Lefeber and Bob van Wely to Ton Koopman
=600  \0$aMozart, Wolfgang Amadeus$d1756-1791$1http://www.wikidata.org/entity/Q254$95341
=650  \0$aMechanical device$1http://www.wikidata.org/entity/Q1882685$92247
=700  \\$4ctb$aLefeber-Morsman, Marieke$922998
=700  \\$4ctb$aSamama, Leo$913763
=700  \\$4ctb$aKoopman, Ton$d1944-$1http://www.wikidata.org/entity/Q445121$910491
=700  \\$4ctb$aWely, Bob van$922997
=700  \\$4ctb$aCooijmans, A.$922999
=942  \\$cBOO
=952  \\$00$10$2ddc$40$6BIO_MOZA1_E$70$8BIO$97571$aORPH$bORPH$cKTS1_P$d2020-07-08$eKoopman$i31G29$oBIO MOZA1 e$p20121005$r2021-01-12 00:00:00$w2021-01-12$yBOO
=999  \\$d7573

