=LDR  00847aam a2200205   4500
=001  7575
=005  20250925143257.0
=008  230509s1943\\\\||||||||\||||\00|\0\dut\d
=041  \\$adut
=100  1\$aGelder, H. E. van$d1876-1960$4aut$1http://www.wikidata.org/entity/Q2405182$911062
=245  \\$aDe historische schoonheid van 's-Gravenhage
=260  \\$c1943$bde Lange
=300  \\$a124 pages
=490  \\$aHeemschut-serie$v27
=648  \0$1http://www.wikidata.org/entity/Q6927$a20th Century (1901-2000)$920936
=650  \0$1http://www.wikidata.org/entity/Q309$aHistory$921403
=651  \0$1http://www.wikidata.org/entity/Q36600$aThe Hague (Netherlands)$910
=942  \\$cBOO
=952  \\$00$10$2ddc$40$6TOP_NL_HAG$70$8TOP$97573$aORPH$bORPH$cKTS0$d2020-07-08$eKoopman$i40D26$l0$oTOP NL.HAG$p20122291$r2021-01-12 00:00:00$w2021-01-12$yBOO$OKoopman
=999  \\$d7575

