=LDR  00851aam a2200205   4500
=001  7577
=008  220201s1988\\\\be\f||||\||||\00|\0\dut\d
=041  \\$adut
=245  \\$aHet Orgelverdriet van Limburg
=260  \\$aKoersel-Beringen$bDe Limburgse Orgeldagen$c1988
=300  \\$a45 pages
=648  \0$a19th Century (1801-1900)$1http://www.wikidata.org/entity/Q6955$920935
=650  \0$aOrgan$1http://www.wikidata.org/entity/Q1444$92810
=650  \0$aOrganology$1http://www.wikidata.org/entity/Q899293$921400
=651  \0$aBelgium$1http://www.wikidata.org/entity/Q31$920881
=700  \\$4aut$aGele, Jaak van$911064
=700  \\$4aut$aVandevoort, Erik$923617
=942  \\$cBOO
=952  \\$00$10$2ddc$40$6INS_3_000000000000000_1A_BE$70$8INS$97575$aORPH$bORPH$cKTS0$d2020-07-08$eKoopman$i24G51$oINS3.1a BE$p20129315$r2021-01-12 00:00:00$w2021-01-12$yBOO
=999  \\$d7577

