=LDR  00669    a2200181   4500
=001  7578
=003  OSt
=005  20230123091302.0
=008  210209b\\\\\\\\\\\|||||\||||\00|\0\eng\d
=040  \\$cST
=041  \\$ager
=100  \\$aGelineau, J.$4aut$911065
=245  \\$aDie Musik im christlichen Gottesdienst.$bPrinzipien, Gesetze, prakische Anwendungen. Übersetzung aus dem Französischen von Leo Tönz SJ
=260  \\$c1965$aRegensburg$bFriedrich Pustet
=300  \\$a304 pages
=942  \\$cBOO$2ddc
=952  \\$00$10$2ddc$40$6GEN_2_000000000000000$70$8GEN$97576$aORPH$bORPH$cKM12_1$d2020-07-08$eKoopman$l0$oGEN 2$p20125383$r2021-01-12 00:00:00$w2021-01-12$yBOO
=999  \\$c7578$d7578

