=LDR  02481aam a2200265   4500
=001  7582
=005  20251103125915.0
=008  251103s2014\\\\|||ga|||\b|||\00|\0\ger\d
=041  \\$ager
=100  \\$aGenewein, Claire$d1970-$920661$4aut
=245  \\$aVokales Instrumentalspiel in derzweiten Hälfte des 18.Jahrhunderts.$bDie Aufführungspraxis italienischer Instrumentalmusik in der Ausenandersetzung mit Vokalmusik und Text: Quellen und moderne Umsetzung
=260  \\$c2014$aLeiden$bClaire Genewein
=300  \\$a360 pages
=520  \\$aThe performance practice of Italian instrumental music in relation to vocal music and text: Sources and their modern realization. In my work I have shown that in the second half of the 18th century in Italy, one prepared instrumental music for performance with the help of texts. Central to this work is a treatise by Benvenuto Robbio Conte di San Raffaele stemming from the circle around Giuseppe Tartini which demonstrates the various steps of learning instrumental music through text underlay. Based on this, I could show how in various genres (solfeggi, recitatives, arias) numerous composers (Domenico Corri, Francesco Geminiani, Guiseppe Tartini) used texts and singing in preparing instrumental music for performance. The influence of this sort of “vocal” preparation on the interpretation of instrumental music has proved itself to be very fruitful in my own playing as well as in my work with students.
=590  \\$aProefschrift ter verkrijging van de graad van Doctor aan de Universiteit Leiden op gezag van Rector Magnificus prof. mr. C.J.J.M. Stolker, volgens besluit van het College voor Promoties ter verdedigen op woensdag 11 juni 2014 klokke 15:00 uur.
=648  \0$a18th Century (1701-1800)$1http://www.wikidata.org/entity/Q7015$920899
=650  \0$aInstrumental music$1http://www.wikidata.org/entity/Q639197$92106
=650  \0$aVocal music$1http://www.wikidata.org/entity/Q685884$93319
=650  \0$aMusical interpretation$1http://www.wikidata.org/entity/Q1668139$94533
=650  \0$aHistorically informed performance$1http://www.wikidata.org/entity/Q1344860$920980
=651  \0$aItaly$1http://www.wikidata.org/entity/Q38$922
=856  \\$uhttps://scholarlypublications.universiteitleiden.nl/handle/1887/26920
=942  \\$cDIS
=952  \\$00$10$2ddc$40$6TOP_IT_5_000000000000000$70$8TOP$97580$aORPH$bORPH$cKTS0$d2020-07-08$eKoopman$i43C45$l0$oTOP IT 5$p20127162$r2021-01-12 00:00:00$w2021-01-12$yDIS$OKoopman
=999  \\$d7582

