=LDR  01206cam a2200325 i 4500
=001  7583
=005  20250120120918.0
=008  140904s2014\\\\ne\af\\\\b\\\\000\0\dut\d
=010  \\$a  2015414340
=020  \\$a9789087044695
=035  \\$a(OCoLC)890265799$z(OCoLC)904950350
=035  \\$a(OCoLC)ocn890265799
=040  \\$aERASA$beng$erda$cERASA$dDLC
=041  \\$adut
=042  \\$alccopycat
=100  \\$aGennip, Joep van,$d-1979$eEditor$4aut$915046
=245  00$aCreatie en recreatie: cultuur en ontspanning in het kloosterleven
=264  \1$aHilversum$bUitgeverij Verloren$c2014
=300  \\$a234 pages, 16 unnumbered pages of plates$billustrations (chiefly color)$c24 cm
=336  \\$atext$btxt$2rdacontent
=337  \\$aunmediated$bn$2rdamedia
=338  \\$avolume$bnc$2rdacarrier
=490  0\$aMetamorfosen$v11
=504  \\$aIncludes bibliographical references.
=650  \0$aMonastery$926216
=700  \\$aPoels, Vefie$d-1958$911070
=700  \\$aWillemsen, Marie-Antoinette Thérèse$911071
=942  \\$cBOO$2ddc
=952  \\$00$10$2ddc$40$6AES_GENN$70$8AES$97581$aORPH$bORPH$cKM12_1$d2020-07-08$eKoopman$i45A04$l0$oAES GENN$p20127445$r2021-01-12 00:00:00$w2021-01-12$yBOO
=999  \\$c7583$d7583

