=LDR  01451cam a2200325 a 4500
=001  7584
=005  20250120120208.0
=008  120206s2011\\\\it\a\\\\\b\\\\001\0dita\d
=010  \\$a  2012409341
=020  \\$a9788865570524
=020  \\$a8865570520
=035  \\$a(OCoLC)ocn760053090
=040  \\$aBP1$cBP1$dC3L$dZCU$dDEBBG$dIUL$dCUD$dORZ$dDLC
=042  \\$alccopycat
=043  \\$ae-it---
=100  \\$aGentileschi, Artemisia$d1593-1652/53$1http://www.wikidata.org/entity/Q212657$910117
=245  10$aLettere di Artemisia :$bedizione critica e annotata con quarantatre documenti inediti /$ca cura di Francesco Solinas ; con la collaborazione di Michele Nicolaci e Yuri Primarosa.
=260  \\$aRome$bDe Luca,$c2011.
=300  \\$a159 p. :$bill. ;$c24 cm.
=504  \\$aIncludes bibliographical references (p. 155-159) and index.
=600  \0$aGentileschi, Artemisia$d1593-1652/53$1http://www.wikidata.org/entity/Q212657$910117
=650  \0$aPainter$1http://www.wikidata.org/entity/Q1028181$93914
=700  \\$aSolinas, Francesco$911074
=700  \\$aNicolaci, Michele$911075
=700  \\$aPrimarosa, Yuri$911076
=856  \\$uhttp://www.ilibri.casalini.it/toc/11916729.pdf$3TOC
=942  \\$cBOO
=952  \\$00$10$2ddc$40$6BIO_GENT_A$70$8BIO$97582$aORPH$bORPH$cKTS1_P$d2020-07-08$eKoopman$i46E35$oBIO GENT a$p20126928$r2021-01-12 00:00:00$w2021-01-12$yBOO$OKoopman
=999  \\$c7584$d7584
=651  \0$aItaly$1http://www.wikidata.org/entity/Q38$922

