=LDR  01001aam a2200205   4500
=001  7585
=008  240427s1964\\\\||||||||\||||\00|\0\fre\d
=041  \\$afre
=100  \\$aGeoffroy-Dechaume, Antoine$4aut$911077
=245  \\$aLes Secrets de la musique ancienne.$bRecherches sur l'interprétation XVIe-XVIIe-XVIIIe siècles
=260  \\$aParis$bFasquelle$c1964
=300  \\$a152 pages
=648  \0$a16th Century (1501-1600)$1http://www.wikidata.org/entity/Q7017$920944
=648  \0$a17th Century (1601-1700)$1http://www.wikidata.org/entity/Q7016$920923
=648  \0$a18th Century (1701-1800)$1http://www.wikidata.org/entity/Q7015$920899
=650  \0$aHistorically informed performance$1http://www.wikidata.org/entity/Q1344860$920980
=650  \0$aEarly music$1http://www.wikidata.org/entity/Q436016$93160
=942  \\$cBOO
=952  \\$00$10$2ddc$40$6MTP_2_000000000000000_GEOF$70$8MTP$97583$aORPH$bORPH$cKM12_1$d2020-07-08$eKoopman$i20D47$l0$oMTP2 GEOF$p20125344$r2021-01-12 00:00:00$w2021-01-12$yBOO
=999  \\$d7585

