=LDR  01034aam a2200217   4500
=001  7586
=005  20250929171504.0
=008  230214s1958\\\\||||||||\b|||\001\0\ger\d
=041  \\$ager
=059  \\$a146 pages
=100  \\$aGeorgiades, Thrasybulos$d1907-1977$4aut$1http://www.wikidata.org/entity/Q2429435$911078
=245  \\$aMusik und Rhytmus bei den Griechen:$bZum Ursprung der abenländischen Musik
=260  \\$aHamburg$bRowohlt$c1958
=648  \0$aClassical Antiquity (8th Century BC-6th Century AD)$1http://www.wikidata.org/entity/Q486761$921435
=650  \0$aMusic history$1http://www.wikidata.org/entity/Q846047$921373
=650  \0$aMusic theory$1http://www.wikidata.org/entity/Q193544$92662
=650  \0$aRhythm$1http://www.wikidata.org/entity/Q170406$92724
=651  \0$aGreece$1http://www.wikidata.org/entity/Q41$921778
=942  \\$cBOO
=952  \\$00$10$2ddc$40$6TOP_GR_2_000000000000000$70$8TOP$97584$aORPH$bORPH$cKTS0$d2020-07-08$eKoopman$i38D15$l0$oTOP GR 2$p20122394$r2021-01-12 00:00:00$w2021-01-12$yBOO$OKoopman
=999  \\$d7586

