=LDR  00824aam a2200205   4500
=001  7589
=005  20250926112219.0
=008  230126s1982\\\\xo\af|||\||||\00|\0\mul\d
=041  \\$aslo$ager
=245  \\$aHistorische Orgeln in der Slowakei = Historické organy na Slovensku
=260  \\$aBratislava$bOpus$c1982
=300  \\$a365 pages
=650  \0$aOrgan$1http://www.wikidata.org/entity/Q1444$92810
=650  \0$aOrganology$1http://www.wikidata.org/entity/Q899293$921400
=651  \0$aSlovakia$1http://www.wikidata.org/entity/Q214$925682
=700  \\$4edt$911081$aGergelyi, Otmar
=700  \\$4edt$925681$aWurm, Karol
=942  \\$cBOO
=952  \\$00$10$2ddc$40$6INS_3_000000000000000_1A_SK$70$8INS$97587$aORPH$bORPH$cKTS0$d2020-07-08$eKoopman$i24G41$l0$oINS3.1a SK$p20129314$r2021-01-12 00:00:00$w2021-01-12$yBOO$OKoopman
=999  \\$d7589

