=LDR  00962cam a2200241 i 4500
=001  7590
=005  20230123091953.0
=008  120101s2012\\\\ne\a\\\\\bc\\\000\0\dut\\
=020  \\$a9789040007132
=040  \\$aOI$beng$erda
=100  \\$aMusscher, Michiel van,$d1645-1705.$911082
=245  10$aMichiel van Musscher (1645-1705) :$bde weelde van de Gouden Eeuw /$cauteurs, Robert E. Gerhardt en Francis Griep-Quint.
=264  \1$aZwolle :$bWBOOKS,$c[2012]
=300  \\$a79 pages :$billustrations (chiefly color) ;$c27 cm
=336  \\$atext$2rdacontent
=337  \\$aunmediated$2rdamedia
=338  \\$avolume$2rdacarrier
=600  \0$aMusscher, Michiel van,$d1645-1705$911083
=700  \\$aGerhardt, Robert E.$d-1944$911084
=700  \\$aGriep-Quint, Francis$911085
=942  \\$cBOO
=952  \\$00$10$2ddc$40$6BIO_MUSS_D$70$8BIO$97588$aORPH$bORPH$cKTS1_P$d2020-07-08$eKoopman$i42D20$oBIO MUSS d$p20120066$r2021-01-12 00:00:00$w2021-01-12$yBOO$OKoopman
=999  \\$c7590$d7590

