=LDR  00960aam a2200217   4500
=001  7591
=008  230524s1960\\\\||||||||\||||\00|\0\ger\d
=041  \\$ager
=100  \\$aGericke, Hannelore$911086$4aut
=245  \\$aDer Wiener Musikalienhandel von 1700 bis 1778
=260  \\$c1960$aGraz$bBöhlaus
=300  \\$a150 pages
=490  \\$aWiener musikwissenschaftliche Beiträge$v5
=648  \0$1http://www.wikidata.org/entity/Q7015$a18th Century (1701-1800)$920899
=650  \0$1http://www.wikidata.org/entity/Q64416036$aMusic printing$94007
=650  \0$1http://www.wikidata.org/entity/Q3972943$aPublishing$93049
=650  \0$1http://www.wikidata.org/entity/Q601401$aTrade$923616
=651  \0$1http://www.wikidata.org/entity/Q1741$aVienna (Austria)$920937
=942  \\$cBOO
=952  \\$00$10$2ddc$40$6TOP_AT_VIE_5_000000000000000$70$8TOP$97589$aORPH$bORPH$cKTS0$d2020-07-08$eKoopman$l0$oTOP AT.VIE 5$p20122028$r2021-01-12 00:00:00$w2021-01-12$yBOO$OKoopman
=999  \\$d7591

