=LDR  01242cam a22002654i 4500
=001  7594
=005  20250120120555.0
=008  170707s2016\\\\sw\a\\\\\\\\\\000\0\eng\\
=020  \\$a9789155496913 (pbk.)
=040  \\$aOI
=041  \\$ager
=100  \\$aGero, Olga$4aut$911089
=245  10$aDietrich Buxtehudes geistliche Vokalwerke.$bTexte, Formen, Gattungen
=260  \\$aUppsala$bUppsala Universitet$c2016
=300  \\$a427 pages$billustrations (partly color), music$c25 cm
=490  0\$aActa universitatis Upsaliensis. Studia musicologica Upsaliensia$x0081-6744$v26
=504  \\$aIncludes bibliographical references (pages 331-366) and indexes.
=600  \0$aBuxtehude, Dietrich$d1637-1707$1http://www.wikidata.org/entity/Q153637$910062
=648  \0$a17th Century (1601-1700)$1http://www.wikidata.org/entity/Q7016$920923
=650  \0$aChurch music$1http://www.wikidata.org/entity/Q8812109$92283
=650  \0$aLutheranism$1http://www.wikidata.org/entity/Q75809$923975
=651  \0$aLübeck (Germany)$1http://www.wikidata.org/entity/Q2843$9125
=942  \\$cBOO
=952  \\$00$10$2ddc$40$6BIO_BUXT_E$70$8BIO$97592$aORPH$bORPH$cKTS1_P$d2020-07-08$eKoopman$i46E25$oBIO BUXT e$p20126942$r2021-01-12 00:00:00$w2021-01-12$yBOO$OKoopman
=999  \\$d7594

