=LDR  01145aam a2200229   4500
=001  7596
=008  240102s1950\\\\|||a||||\||||\00|\0\dut\d
=041  \\$adut
=100  \\$aGerson, H.$4aut$911092
=245  \\$aVan Geertgen tot Frans Hals:$bDe Nederlandse schilderkunst$c2
=260  \\$aAmsterdam$bContact$c1950
=490  \\$aDe schoonheid van ons land$vSchilderkunst
=600  \0$aGeertgen tot Sint Jans$dc. 1465-c. 1495$1http://www.wikidata.org/entity/Q360888$926900
=600  \0$aHals, Frans$d1584-1666$1http://www.wikidata.org/entity/Q167654$99101
=648  \0$a15th Century (1401-1500)$1http://www.wikidata.org/entity/Q7018$921015
=648  \0$a16th Century (1501-1600)$1http://www.wikidata.org/entity/Q7017$920944
=648  \0$a17th Century (1601-1700)$1http://www.wikidata.org/entity/Q7016$920923
=650  \0$aFine art$1http://www.wikidata.org/entity/Q219625$921579
=651  \0$aNetherlands$1http://www.wikidata.org/entity/Q55$9173
=942  \\$cBOO
=952  \\$00$10$2ddc$40$6TOP_NL_4_000000000000000$70$8TOP$97594$aORPH$bORPH$cKTS0$d2020-07-08$eKoopman$i34C03$l0$oTOP NL 4$p20122582$r2021-01-12 00:00:00$w2021-01-12$yBOO$OKoopman
=999  \\$d7596

