=LDR  01004aam a2200217   4500
=001  7597
=008  240102s1952\\\\|||a||||\||||\00|\0\dut\d
=041  \\$adut
=100  \\$aGerson, H.$4aut$911092
=245  \\$aHet tijdperk van Rembrandt en Vermeer:$bDe Nederlandse schilderkunst$n2
=260  \\$aAmsterdam$bContact$c1952
=300  \\$a68 pages, 183 plates
=490  \\$aDe schoonheid van ons land$vSchilderkunst
=600  \0$aRembrandt$d1606-1669$1http://www.wikidata.org/entity/Q5598$914481
=600  \0$aVermeer, Johannes$d1632-1675$1http://www.wikidata.org/entity/Q41264$99652
=648  \0$a17th Century (1601-1700)$1http://www.wikidata.org/entity/Q7016$920923
=650  \0$aFine art$1http://www.wikidata.org/entity/Q219625$921579
=651  \0$aNetherlands$1http://www.wikidata.org/entity/Q55$9173
=942  \\$cBOO
=952  \\$00$10$2ddc$40$6TOP_NL_5_000000000000000$70$8TOP$97595$aORPH$bORPH$cKTS0$d2020-07-08$eKoopman$i34C04$l0$oTOP NL 5$p20122581$r2021-01-12 00:00:00$w2021-01-12$yBOO$OKoopman
=999  \\$d7597

