=LDR  00976aam a2200205   4500
=001  7601
=008  240502s1961\\\\|||g||||\||||\00|\0dger\d
=041  \\$ager
=100  \\$aGessner, E.$911094$4aut
=245  \\$aSamuel Scheidts geistliche Konzerte.$bEin Beitrag zur Geschichte der Gattung
=260  \\$aBerlin$bMerseburger$c1961
=490  \\$aBerliner Studien zur Musikwissenschaft$v2
=600  \0$aScheidt, Samuel$d1587-1654$1http://www.wikidata.org/entity/Q169291$96474
=648  \0$a17th Century (1601-1700)$1http://www.wikidata.org/entity/Q7016$920923
=650  \0$aLutheranism$1http://www.wikidata.org/entity/Q75809$923975
=650  \0$aChurch music$1http://www.wikidata.org/entity/Q8812109$92283
=651  \0$aHalle (Saale, Germany)$1http://www.wikidata.org/entity/Q2814$921799
=942  \\$cBOO
=952  \\$00$10$2ddc$40$6BIO_SCHE2_E$70$8BIO$97599$aORPH$bORPH$cKTS1_P$d2020-07-08$eKoopman$i19B17$l0$oBIO SCHE2 e$p20125103$r2021-01-12 00:00:00$w2021-01-12$yBOO$OKoopman
=999  \\$d7601

