=LDR  01331aam a2200241   4500
=001  7603
=008  230510r19781956||||||||\||||\00|\0\dut\d
=020  \\$a9061940524
=041  \\$adut
=100  \\$aGeurts, P. A. M.$911096$4aut
=245  \\$aDe Nederlandse Opstand in de pamfletten 1566-1584
=250  \\$a2nd ed.
=260  \\$c1978$aUtrecht$bHES
=300  \\$a336 pages
=500  \\$aThe Eighty Years' War or Dutch Revolt (Dutch: Nederlandse Opstand) (c. 1566/1568–1648) was an armed conflict in the Habsburg Netherlands between disparate groups of rebels and the Spanish government. The causes of the war included the Reformation, centralisation, taxation, and the rights and privileges of the nobility and cities. 
=648  \0$1http://www.wikidata.org/entity/Q7017$a16th Century (1501-1600)$920944
=650  \0$1http://www.wikidata.org/entity/Q309$aHistory$921403
=650  \0$1http://www.wikidata.org/entity/Q164432$aEighty Years' War (1568-1648)$923273
=651  \0$1http://www.wikidata.org/entity/Q55$aNetherlands$9173
=856  \\$uhttps://www.dbnl.org/tekst/geur004nede01_01/$3Digital Library for Dutch Literature (DBNL)
=942  \\$cBOO
=952  \\$00$10$2ddc$40$6TOP_NL_4_000000000000000$70$8TOP$97601$aORPH$bORPH$cKTS0$d2020-07-08$eKoopman$l0$oTOP NL 4$p20128452$r2021-01-12 00:00:00$w2021-01-12$yBOO$OKoopman
=999  \\$d7603

