=LDR  00958cam a22002177a 4500
=001  7605
=005  20250121142122.0
=008  891128s1989\\\\ne\a\\\\\\\\\\000\0\dut\\
=020  \\$a9064695598
=040  \\$aOI
=041  \\$adut
=100  \\$aAardoom, L.$4aut$911098
=245  10$aCaart der limitten van de hooge en vrije heerlijckhijdt van Het Loo:$been 18-eeuwse kartering van de gemeente Apeldoorn
=260  \\$aAlphen aan den Rijn$bStichting Ned. Buitenplaatsen en Historische Landschappen$bCanaletto$c1989
=300  \\$a136 pages$billustrations$c28 cm
=648  \0$a18th Century (1701-1800)$1http://www.wikidata.org/entity/Q7015$920899
=650  \0$aGeography$1http://www.wikidata.org/entity/Q1071$921798
=651  \0$aApeldoorn (Netherlands)$925999
=942  \\$cBOO
=952  \\$00$10$2ddc$40$6TOP_NL_APE_5_000000000000000$70$8TOP$97603$aORPH$bORPH$cKTS0$d2020-07-08$eKoopman$l0$oTOP NL.APE 5$p20121386$r2021-01-12 00:00:00$w2021-01-12$yBOO$OKoopman
=999  \\$d7605

