=LDR  01595cam a2200301 a 4500
=001  7607
=005  20250506165239.0
=008  050615s2005\\\\gw\ag\\\\b\\\\001\0\ger\d
=010  \\$a  2005421409
=020  \\$a3890075134 (cl.)
=040  \\$aOI
=041  \\$ager
=100  \\$aGeyer, Helen$d1953-$4aut$911099
=245  14$aDas venezianische Oratorium 1750-1820:$beinzigartiges Phänomen und musikdramatisches Experiment
=260  \\$aLaaber$bLaaber-Verlag$c2005
=300  \\$a2 vols (xv-769 pages)$billustrations, music $c24 cm
=490  \\$aAnalecta musicologica$v35
=504  \\$aIncludes bibliographical references (p. [491]-501) and index.
=505  0\$a1. T. Abhandlung -- 2. T. Archivdokumente, Notenbeispiele, Literaturverzeichnis, Register.
=648  \0$a18th Century (1701-1800)$1http://www.wikidata.org/entity/Q7015$920899
=648  \0$a19th Century (1801-1900)$1http://www.wikidata.org/entity/Q6955$920935
=650  \0$aOratorio$1http://www.wikidata.org/entity/Q85477$91825
=650  \0$aMusic history$1http://www.wikidata.org/entity/Q846047$921373
=651  \0$aItaly$1http://www.wikidata.org/entity/Q38$922
=942  \\$cBOO
=952  \\$00$10$2ddc$31. T. Abhandlung$40$6TOP_IT_VEN1_5_000000000000000$70$8TOP$97605$aORPH$bORPH$cKTS0$d2020-07-08$eKoopman$l0$oTOP IT.VEN1 5$p20129460$r2021-01-12 00:00:00$w2021-01-12$yBOO
=952  \\$00$10$2ddc$32. T. Archivdokumente, Notenbeispiele, Literaturverzeichnis, Register$40$6TOP_IT_VEN1_5_000000000000000$70$8TOP$97606$aORPH$bORPH$cKTS0$d2020-07-08$eKoopman$l0$oTOP IT.VEN1 5$p20129461$r2021-01-12 00:00:00$w2021-01-12$yBOO
=999  \\$d7607

