=LDR  01009    a2200193   4500
=001  7609
=008  220406m19481949||||||||\||||\00|\0\dut\d
=041  \\$adut
=100  \\$aGeyl, P.$911100
=245  \\$aGeschiedenis van de Nederlandse stam
=260  \\$aAmsterdam$aAntwerp$bWereldbibliotheek$c1948-49
=300  \\$a3 vols.
=650  \0$aHistory$1http://www.wikidata.org/entity/Q309$921403
=651  \0$aNetherlands$1http://www.wikidata.org/entity/Q55$9173
=942  \\$cBOO
=952  \\$00$10$2ddc$3vol. 1$40$6TOP_NL_0_000000000000000$70$8TOP$97607$aORPH$bORPH$cKTS0$d2020-07-08$eKoopman$i40E01$oTOP NL 0$p20120274$r2021-01-12 00:00:00$w2021-01-12$yBOO
=952  \\$00$10$2ddc$3vol. 2$40$6TOP_NL_0_000000000000000$70$8TOP$97608$aORPH$bORPH$cKTS0$d2020-07-08$eKoopman$i40E01$oTOP NL 0$p20120273$r2021-01-12 00:00:00$w2021-01-12$yBOO
=952  \\$00$10$2ddc$3vol. 3$40$6TOP_NL_0_000000000000000$70$8TOP$97609$aORPH$bORPH$cKTS0$d2020-07-08$eKoopman$i40E01$oTOP NL 0$p20120272$r2021-01-12 00:00:00$w2021-01-12$yBOO
=999  \\$d7609

