=LDR  01039aam a2200217   4500
=001  7614
=005  20251103124736.0
=008  250619s2005\\\\||||||||\||||\00|\0dita\d
=041  \\$aita
=100  \\$aGhielmi, Lorenzo$911103$4aut
=245  \\$aNote sull'interpretazione della musica organistica di Nicolaus Bruhns
=260  \\$aBergamo$bCarrara$c2005
=600  \0$aBruhns, Nicolaus$d1665-1697$1http://www.wikidata.org/entity/Q57369$939958
=648  \0$a17th Century (1601-1700)$1http://www.wikidata.org/entity/Q7016$920923
=650  \0$aOrgan music$1http://www.wikidata.org/entity/Q116958279$91951
=650  \0$aHistorically informed performance$1http://www.wikidata.org/entity/Q1344860$920980
=650  \0$aMusical interpretation$1http://www.wikidata.org/entity/Q1668139$94533
=651  \0$aGermany$1http://www.wikidata.org/entity/Q183$9155
=942  \\$cBOO
=952  \\$00$10$2ddc$40$6BIO_BRUH_CE$70$8BIO$97612$aORPH$bORPH$cKTS1_P$d2020-07-08$eKoopman$i46E13$l0$oBIO BRUH c-->e$p20126954$r2021-01-12 00:00:00$w2021-01-12$yBOO$OKoopman
=999  \\$d7614

