=LDR  00882aam a2200181   4500
=001  7615
=008  250428s1954\\\\||||||||\||||\00|\0bita\d
=100  \\$aGhislanzoni, Antonio$d1824-1893$4aut$911104
=245  \\$aLuigi Rossi (Aloysius de Rubeis):$bbiografia e analisi delle composizioni
=260  \\$aMilan$aRome$bBocca$c1954
=600  \0$aRossi, Luigi$dc. 1598-1653$1http://www.wikidata.org/entity/Q472714$922202
=648  \0$a17th Century (1601-1700)$1http://www.wikidata.org/entity/Q7016$920923
=650  \0$aComposer$1http://www.wikidata.org/entity/Q36834$93625
=650  \0$aBiography$1http://www.wikidata.org/entity/Q36279$91927
=651  \0$aItaly$1http://www.wikidata.org/entity/Q38$922
=942  \\$cBOO
=952  \\$00$10$2ddc$40$6BIO_ROSS_D$70$8BIO$97613$aORPH$bORPH$cKTS1_P$d2020-07-08$eKoopman$i23F44$l0$oBIO ROSS d$p20128663$r2021-01-12 00:00:00$w2021-01-12$yBOO$OKoopman
=999  \\$d7615

