=LDR  01166aam a2200241   4500
=001  7616
=008  240319s1969\\\\||||||||\||||\00|\0bita\d
=041  \\$aita
=100  \\$aGhislanzoni, Antonio$d1824-1893$4aut$911104
=245  \\$aGiovanni Paisiello,$bvalutazioni critiche rettificate
=260  \\$aRome$bDe Santis$c1969
=490  \\$aContributi di musicologia
=600  \0$aPaisiello, Giovanni$d1740-1816$1http://www.wikidata.org/entity/Q202303$95361
=648  \0$a18th Century (1701-1800)$1http://www.wikidata.org/entity/Q7015$920899
=650  \0$aComposer$1http://www.wikidata.org/entity/Q36834$93625
=650  \0$aOpera buffa$1http://www.wikidata.org/entity/Q208080$926015
=650  \0$aOpera seria$1http://www.wikidata.org/entity/Q210675$925224
=650  \0$aMusic history$1http://www.wikidata.org/entity/Q846047$921373
=651  \0$aItaly$1http://www.wikidata.org/entity/Q38$922
=651  \0$aSaint Petersburg (Russia)$1http://www.wikidata.org/entity/Q656$923056
=942  \\$cBOO
=952  \\$00$10$2ddc$40$6BIO_PAIS_E$70$8BIO$97614$aORPH$bORPH$cKTS1_P$d2020-07-08$eKoopman$i30B07$l0$oBIO PAIS e$p20123419$r2021-01-12 00:00:00$w2021-01-12$yBOO$OKoopman
=999  \\$d7616

