=LDR  01023aam a2200217   4500
=001  7617
=008  230831s1978\\\\||||||||\||||\00|\0dita\d
=041  \\$aita
=100  \\$aGiachin, G.$911105$4edt
=245  \\$aNuovi studi Corelliani.$bAtti del secondo congresso internazionale (Fusignano, 5-8 settembre 1974)
=246  \1$aStudi Corelliani$bII
=260  \\$aFlorence$bOlschki$c1978
=490  \\$aQuaderni della rivista italiana di musicologia$v4
=600  \0$1http://www.wikidata.org/entity/Q164475$aCorelli, Arcangelo$d1653-1713$95351
=648  \0$1http://www.wikidata.org/entity/Q7016$a17th Century (1601-1700)$920923
=648  \0$1http://www.wikidata.org/entity/Q7015$a18th Century (1701-1800)$920899
=650  \0$1http://www.wikidata.org/entity/Q36834$aComposer$93625
=651  \0$1http://www.wikidata.org/entity/Q38$aItaly$922
=942  \\$cBOO
=952  \\$00$10$2ddc$40$6BIO_CORE_E$70$8BIO$97615$aORPH$bORPH$cKTS1_P$d2020-07-08$eKoopman$i23D22$oBIO CORE e$p20128645$r2021-01-12 00:00:00$w2021-01-12$yBOO$OKoopman
=999  \\$d7617

