=LDR  01187cam a2200265 a 4500
=001  7620
=005  20250120120155.0
=008  930922s1994\\\\enka\\\\\b\\\\001\0beng\\
=020  \\$a0198161387 (acid-free paper) :$c£45.00
=040  \\$aOI
=041  \\$aeng
=100  \\$aGianturco, Carolyn$4aut$911108
=245  10$aAlessandro Stradella, 1639-1682:$bHis Life and Music
=260  \\$aOxford$bClarendon$aNew York$bOxford University Press$c1994
=300  \\$axiv-333 pages$billustrations$c24 cm
=490  \\$aOxford Monographs on Music
=504  \\$aIncludes bibliographical references (p. [309]-322) and index.
=600  \0$aStradella, Alessandro$d1639-1682$1http://www.wikidata.org/entity/Q314765$911109
=648  \0$a17th Century (1601-1700)$1http://www.wikidata.org/entity/Q7016$920923
=650  \0$aComposer$1http://www.wikidata.org/entity/Q36834$93625
=650  \0$aBiography$1http://www.wikidata.org/entity/Q36279$91927
=651  \0$aItaly$1http://www.wikidata.org/entity/Q38$922
=942  \\$cBOO
=952  \\$00$10$2ddc$40$6BIO_STRA2_D$70$8BIO$97618$aORPH$bORPH$cKTS1_P$d2020-07-08$eKoopman$i19C21$l0$oBIO STRA2 d$p20127909$r2021-01-12 00:00:00$w2021-01-12$yBOO$OKoopman
=999  \\$d7620

