=LDR  01062    a2200217   4500
=001  7623
=008  220202s1988\\\\|||fbg||\||||\00|\0aita\d
=041  \\$aita
=100  \\$aGiazotto, Remo$d1910-1998$4aut$1http://www.wikidata.org/entity/Q529962$911111
=245  \\$aIl grande viaggio di Pietro della Valle il «Pellegrino» (1612-1626):$bLa Turchia, la Persia, l'India con il ritorno a Roma
=260  \\$aRome$bEdizioni Torre d'Orfeo$c1988
=300  \\$a208 pages
=648  \0$a17th Century (1601-1700)$1http://www.wikidata.org/entity/Q7016$920923
=650  \0$aTravel$1http://www.wikidata.org/entity/Q61509$94440
=651  \0$aTurkey$1http://www.wikidata.org/entity/Q43$975
=651  \0$aPersian Empire$1http://www.wikidata.org/entity/Q83311$923635
=651  \0$aIndia$1http://www.wikidata.org/entity/Q668$922078
=651  \0$aRome (Italy)$1http://www.wikidata.org/entity/Q220$949
=942  \\$cBOO
=952  \\$00$10$2ddc$40$6BIO_PELL_A$70$8BIO$97621$aORPH$bORPH$cKTS1_P$d2020-07-08$eKoopman$i33C10$oBIO PELL a$p20123016$r2021-01-12 00:00:00$w2021-01-12$yBOO
=999  \\$d7623

