=LDR  01243    a2200253   4500
=001  7624
=005  20250929161611.0
=008  250929n\\\\\\\\|||oa|||\||||\00|\0\eng\d
=041  \\$aeng
=100  \\$aGibb, J. H. P.$911112$4aut
=245  \\$aFan Vaults and Medieval Sculpture of Sherborne Abbey
=260  \\$aSherborne$bFriends of Sherborne Abbey$cs.d.
=300  \\$a16 pages
=610  \0$aSherborne Abbey (Dorset, United Kingdom)$1http://www.wikidata.org/entity/Q1262119$924357
=648  \0$aMiddle Ages (500-1400)$1http://www.wikidata.org/entity/Q12554$920964
=648  \0$a15th Century (1401-1500)$1http://www.wikidata.org/entity/Q7018$921015
=650  \0$aArchitecture$1http://www.wikidata.org/entity/Q12271$93185
=650  \0$aChurch$1http://www.wikidata.org/entity/Q16970$93776
=650  \0$aSculpture$1http://www.wikidata.org/entity/Q860861$92483
=650  \0$aInterior design$1http://www.wikidata.org/entity/Q179232$921367
=651  \0$aSherborne (Dorset, United Kingdom)$1http://www.wikidata.org/entity/Q586895$924358
=942  \\$cBOO
=952  \\$00$10$2ddc$40$6TOP_GB_SHE_3_000000000000000$70$8TOP$97622$aORPH$bORPH$cKTS0$d2020-07-08$eKoopman$i18C11$l0$oTOP GB.SHE 3$p20124997$r2021-01-12 00:00:00$w2021-01-12$yBOO$OKoopman
=999  \\$d7624

