=LDR  00369    a2200109   4500
=001  7627
=100  \\$aGiegling, Franz$c1921-2007$911113
=245  \\$aGuiseppe Torelli
=260  \\$c1949
=942  \\$cBOO
=952  \\$00$10$2ddc$40$6BIO_TORE_E$70$8BIO$97625$aORPH$bORPH$cKTS1_P$d2020-07-08$eKoopman$i22C12$l0$oBIO TORE e$p20125654$r2021-01-12 00:00:00$w2021-01-12$yBOO$OKoopman
=999  \\$c7627$d7627

