=LDR  01043cam a2200229 a 4500
=001  7629
=008  930507r19881804nl\h\\\\\b\\\\001\0\dut\\
=041  0\$adut
=100  \\$aHeurn, Jan van$d1751-1815$1http://www.wikidata.org/entity/Q63164224$911116
=245  13$aInleiding tot De orgelmaaker$b(Dordrecht 1804/05)
=250  \\$a2. herdruk
=260  \\$aBuren$bFrits Knuf$c1988
=300  \\$bill. $c21 cm
=490  \\$aBibliotheca Organologica. Facsimiles or rare books on organ and organbuilding vol. 56
=504  \\$aIncludes bibliographical references and index.
=650  \0$aOrgan$1http://www.wikidata.org/entity/Q1444$92810
=650  \0$aOrganology$1http://www.wikidata.org/entity/Q899293$921400
=651  \0$aDordrecht (Netherlands)$1http://www.wikidata.org/entity/Q26421$921875
=700  \\$aGierveld, Arend Jan$4edt$911118
=942  \\$cBOO
=952  \\$00$10$2ddc$40$6INS_3_000000000000000_1B_HEUR$70$8INS$97627$aORPH$bORPH$cKTS0$d2020-07-08$eKoopman$i19B05$l0$oINS3.1b HEUR$p20125115$r2021-01-12 00:00:00$w2021-01-12$yBOO$OKoopman
=999  \\$d7629

