=LDR  01176nam a2200289 a 4500
=001  7632
=008  211022s1982\\\\-ukfa|||\||||\00|\0\eng\d
=041  \\$aeng
=100  \\$aGiles, Peter$4aut$911121
=245  14$aThe Counter Tenor
=260  \\$aLondon$bMuller$c1982
=300  \\$a250 pages
=336  \\$aprinted
=504  \\$aBibliography: p. 209-212.
=504  \\$aDiscography: p. 205-208.
=561  \\$aEx Libris Ton Koopman
=648  \0$a16th Century (1501-1600)$1http://www.wikidata.org/entity/Q7017$920944
=648  \0$a17th Century (1601-1700)$1http://www.wikidata.org/entity/Q7016$920923
=648  \0$a18th Century (1701-1800)$1http://www.wikidata.org/entity/Q7015$920899
=650  \0$aCountertenor$1http://www.wikidata.org/entity/Q223166$92766
=650  \0$aVocal music$1http://www.wikidata.org/entity/Q685884$93319
=650  \0$aSinging$1http://www.wikidata.org/entity/Q27939$92767
=651  \0$aEurope$1http://www.wikidata.org/entity/Q46$991
=700  \\$aMallinder, David$4ctb$911122
=942  \\$cBOO
=952  \\$00$10$2ddc$40$6INS_2A$70$8INS$97630$aORPH$bORPH$cKTS0$d2020-07-08$eKoopman$i19B01$oINS2a$p20125119$r2021-01-12 00:00:00$w2021-01-12$yBOO
=999  \\$d7632

