=LDR  01719cam a22003254a 4500
=001  7636
=005  20250121142122.0
=008  061204s2006\\\\it\af\\\\b\\\\001\0\ita\d
=020  \\$a8822255593
=040  \\$aOI
=041  \\$aita
=100  \\$aGillio, Pier Giuseppe$4aut$911125
=245  12$aL'attività musicale negli ospedali di Venezia nel Settecento:$bquadro storico e materiali documentari
=246  1\$aMateriali documentari
=260  \\$aFlorence$bOlschki$c2006
=300  \\$axv-588 pages, 8 pages of plates$billustrations$c24 cm$eCD-ROM
=490  \\$aStudi di musica veneta. Quaderni vivaldiani$v12
=504  \\$aIncludes bibliographical references (p. 527-549) and indexes.
=610  \0$aOspedale degli Incurabili (Venice, Italy)$1http://www.wikidata.org/entity/Q3735802$924174
=610  \0$aOspedale dei Mendicanti (Venice, Italy)$1http://www.wikidata.org/entity/Q3585357$924592
=610  \0$aOspedale della Pietà (Venice, Italy)$1http://www.wikidata.org/entity/Q1816328$924196
=610  \0$aOspedale di Santa Maria dei Derelitti (Venice, Italy)$1http://www.wikidata.org/entity/Q3668820$923058
=610  \0$aOspedali (Venice, Italy)$1http://www.wikidata.org/entity/Q2512875$926196
=648  \0$a18th Century (1701-1800)$1http://www.wikidata.org/entity/Q7015$920899
=650  \0$aOrphanage$1http://www.wikidata.org/entity/Q160645$92771
=650  \0$aMusic history$1http://www.wikidata.org/entity/Q846047$921373
=651  \0$aVenice (Italy)$1http://www.wikidata.org/entity/Q641$91
=942  \\$cBOO
=952  \\$00$10$2ddc$40$6TOP_IT_VEN1_5_000000000000000$70$8TOP$97634$aORPH$bORPH$cKTS0$d2020-07-08$eKoopman$i45E30$l0$oTOP IT.VEN1 5$p20127461$r2021-01-12 00:00:00$w2021-01-12$yBOO$OKoopman
=999  \\$d7636

