=LDR  01197aam a2200241   4500
=001  7637
=008  231115s1986\\\\|||h||||\c|||\00|\0\ger\d
=020  \\$a9071608026
=041  \\$ager
=100  \\$aGilly, Carlos$d1940-$4edt$911127
=245  \\$aJohann Valentin Andreae 1586-1986:$bdie Manifeste der Rosenkreuzerbruderschaft
=260  \\$aAmsterdam$bBibliotheca Philosophica Hermetica$c1986
=300  \\$a144 pages
=600  \0$aAndreae, Johann Valentin$d1586-1654$1http://www.wikidata.org/entity/Q841173$99123
=600  \0$aAndreae, Johann Valentin$d1586-1654$1http://www.wikidata.org/entity/Q60854$99123
=648  \0$a16th Century (1501-1600)$1http://www.wikidata.org/entity/Q7017$920944
=648  \0$a17th Century (1601-1700)$1http://www.wikidata.org/entity/Q7016$920923
=650  \0$aRosicrucianism$1http://www.wikidata.org/entity/Q194267$922911
=650  \0$aHermeticism$1http://www.wikidata.org/entity/Q192933$94602
=651  \0$aGermany$1http://www.wikidata.org/entity/Q183$9155
=942  \\$cBOO
=952  \\$00$10$2ddc$40$6PHI_ROSE_B_GILL$70$8PHI$97635$aORPH$bORPH$cKM12_2_H$d2020-07-08$eKoopman$i42B10$l1$oPHI ROSE b GILL$p20120084$r2024-01-04 00:00:00$s2023-11-15$w2021-01-12$yBOO
=999  \\$d7637

