=LDR  00359    a2200109   4500
=001  7640
=100  \\$aGimper, J.$911130
=245  \\$aDe bouw van een kathedraal
=260  \\$c1961
=942  \\$cBOO
=952  \\$00$10$2ddc$40$6VIS_GIMP$70$8VIS$97638$aORPH$bORPH$cKTS1_H$d2020-07-08$eKoopman$i40G25$l0$oVIS GIMP$p20122240$r2021-01-12 00:00:00$w2021-01-12$yBOO$OKoopman
=999  \\$c7640$d7640

