=LDR  00977aam a2200229   4500
=001  7641
=008  220711s1981\\\\||||||||\||||\00|\0beng\d
=020  \\$a0876665903
=041  \\$aeng
=100  \\$aGinsburg, L.$4aut$911131
=245  \\$aTartini:$bHis Life and Times
=260  \\$aNeptune City$bPaganiniana$c1981
=600  \0$aTartini, Giuseppe$d1692-1770$1http://www.wikidata.org/entity/Q108555$95536
=648  \0$a18th Century (1701-1800)$1http://www.wikidata.org/entity/Q7015$920899
=650  \0$aBiography$1http://www.wikidata.org/entity/Q36279$91927
=650  \0$aComposer$1http://www.wikidata.org/entity/Q36834$93625
=650  \0$aViolinist$1http://www.wikidata.org/entity/Q1259917$93278
=651  \0$aItaly$1http://www.wikidata.org/entity/Q38$922
=700  \\$4edt$aAxelrod, H. R.$924519
=942  \\$cBOO
=952  \\$00$10$2ddc$40$6BIO_TART_D$70$8BIO$97639$aORPH$bORPH$cKTS1_P$d2020-07-08$eKoopman$i28C13$oBIO TART d$p20121427$r2021-01-12 00:00:00$w2021-01-12$yBOO
=999  \\$d7641

